3325 5317
1254 425 2722 499 nlssERTAT10:w

465 600 601 669 tale
652 596 1203 670 additamentum.
1307 601 1580 670 Partem
1625 600 1771 672 veri
1809 600 2162 673 Seidlerus
2202 602 2374 673 vidit
2388 653 2409 690 ‚
2472 605 2718 697 legen-

467 702 635 772 dum
683 709 926 794 putans
940 750 962 789 ,
1899 725 1954 780 t

772 854 894 929 καὶ
936 846 1086 952 μήν
1122 848 1436 954 οἷμεμφῆ
1476 849 1690 930 τόνδ’
1742 856 1986 931 ἔτεινα
2030 852 2167 932 τόν
2213 850 2451 954 λόγον.

461 1012 624 1080 Νοιι
663 1017 893 1077 tamen
950 1008 1244 1100 perfecit
1287 1009 1847 1079 emendationem.
1951 1012 2132 1081 Nam
2175 1011 2554 1103 particulae
2598 1006 2717 1083 καὶ

463 1106 615 1211 μήν
645 1135 783 1181 ιιοιι
811 1112 1004 1180 aliter
1028 1111 1150 1182 hic
1191 1122 1393 1204 aptae
1420 1122 1603 1198 sunt,
1655 1137 1864 1203 quam
1892 1113 1947 1182 si
1978 1116 2145 1183 alius
2183 1137 2515 1208 personae
2559 1138 2718 1183 ora—-

461 1217 718 1285 tionem
752 1215 1095 1307 incipiant.
1217 1216 1429 1306 Atqui
1473 1216 1645 1307 quid
1689 1218 1956 1308 planius
2019 1228 2118 1287 est
2134 1268 2154 1304 ,
2224 1242 2431 1311 quam
2491 1216 2718 1288 Oresti

463 1320 920 1409 Electraeque
966 1341 1037 1386 se
1079 1317 1366 1389 invicem
1400 1320 1489 1387 ad
1535 1320 2011 1391 vindicandam
2043 1323 2252 1415 patris
2294 1337 2536 1423 necem
2592 1342 2717 1390 co-

462 1422 884 1494 hortantibus
928 1420 1219 1492 chorum
1261 1423 1658 1514 adstipulari
1700 1422 1807 1492 his
1855 1426 2113 1496 verbis.

773 1573 896 1650 καὶ
936 1568 1085 1675 μήν
1129 1572 1441 1699 ἀμεμφῆ
1484 1568 1697 1650 τόνδ’
1741 1575 2117 1652 ἐτείνατον
2152 1571 2399 1702 λογον,
2720 1590 2767 1651 6

773 1677 1064 1775 τίμημα
1113 1671 1406 1774 τύμβου
1450 1680 1577 1777 τῆς
1628 1674 2092 1774 ἀνοιμώκτου
2141 1676 2379 1779 τύχης·

463 1833 666 1920 Quae
713 1832 837 1901 ille
876 1855 1089 1921 quum
1139 1831 1442 1919 dixisset,
1492 1832 1768 1923 reliquis
1811 1833 2078 1906 duobus
2116 1835 2415 1903 versibus
2464 1832 2555 1902 ad
2600 1855 2716 1901 so-

426 1938 610 2044 ¹lum
633 1937 921 2008 Oresten
934 1982 955 2021 ,
1008 1935 1196 2005 cuius
1239 1935 1415 2006 illud
1464 1936 1772 2006 officium
1815 1948 1991 2025 erat,
2043 1948 2120 2010 ιιι
2165 1962 2314 2009 rem
2354 1946 2715 2031 perpetra-

459 2050 599 2129 ret,
649 2064 722 2110 se
762 2039 1109 2111 convertit.

666 2193 809 2264 Sed
855 2193 1142 2263 diximus
1191 2217 1432 2287 supra,
1497 2195 1876 2265 cavendum
1919 2192 2123 2263 etiam
2161 2214 2356 2279 esse,
2420 2214 2508 2262 ne
2550 2214 2716 2284 spu-

458 2297 598 2368 rios
636 2307 949 2392 putemus
989 2321 1107 2367 eos
1149 2319 1377 2367 versus
1390 2345 1412 2383 ,
1480 2300 1600 2387 qui
1641 2298 1814 2367 nihil
1854 2300 1983 2368 nisi
2024 2299 2096 2366 in
2138 2297 2434 2365 alienum
2481 2296 2717 2373 locum

437 2397 724 2473 'traiecti
752 2402 1124 2476 sunt.1ta
1104 2424 1175 2469 ιιι
1207 2402 1451 2472 eadem
1489 2401 1730 2470 fabula
1769 2401 1948 2474 haec
1970 2402 2296 2501 leguntur
2329 2422 2395 2468 v.
2434 2397 2608 2467 162.

750 2555 923 2646 ἔχει
965 2553 1107 2648 μὲν
1154 2552 1287 2652 ἤδη
1321 2548 1690 2647 γαπότους
1738 2547 1913 2646 χοοῖς
1953 2579 2197 2678 παττὶρ
2215 2607 2243 2642 ,

773 2652 991 2755 κῆρυξ
1033 2658 1336 2781 μεγίστη
1370 2683 1520 2730 των
1563 2651 1712 2730 ἄνω
1748 2686 1833 2732 τε
1883 2657 2006 2730 καὶ
2048 2682 2270 2729 κατω.

773 2762 943 2835 νέου
978 2760 1076 2835 δὲ
1123 2754 1380 2854 μύθου
1427 2760 1649 2835 τοῦδε
1695 2755 2206 2848 κοινωνήσατε

460 2914 807 3002 Advertit,
874 2916 996 3004 qui
1039 2913 1305 2983 medius
1354 2912 1608 2982 horum
1654 2933 1971 2984 versuum
2017 2923 2118 2983 est
2133 2961 2155 3000 ,
2203 2911 2712 2998 Robortellum,

328 3045 345 3055 “
460 3028 540 3088 ιιι
594 3028 751 3110 post
797 3041 953 3087 eum
1003 3020 1287 3090 lacunae
1331 3018 1596 3110 signum
1632 3009 1959 3110 poneret.
2061 3018 2212 3087 Nec
2266 3016 2548 3085 dubium
2590 3025 2712 3102 est,

461 3146 729 3192 versum
774 3122 1007 3210 illum,
1058 3123 1185 3208 sic,
1235 3129 1312 3189 ιιι
1349 3144 1527 3190 nunc
1582 3132 1719 3208 est,
1781 3121 2057 3212 reliquis
2107 3122 2429 3190 insertum
2446 3169 2467 3207 ,
2533 3119 2713 3189 adeo

463 3227 772 3319 ineptum
823 3249 1001 3313 esse,
1051 3234 1129 3294 ut
1168 3226 1415 3294 mirum
1438 3225 1556 3311 sit,
1607 3227 1728 3315 qui
1764 3226 1928 3294 alias
1956 3224 2049 3292 ad
2077 3224 2440 3295 eiiciendos
2486 3246 2714 3293 versus

463 3330 951 3422 promptissimi
1005 3338 1190 3414 sunt,
1276 3327 1415 3398 hic·
1435 3328 1527 3397 ad
1575 3329 1893 3399 lacunam
1945 3328 2323 3422 confugere
2379 3328 2711 3397 maluisse.

465 3433 654 3518 Quid
710 3434 887 3504 enim
900 3433 935 3502 ?
1016 3427 1371 3523 Quidquid
1431 3432 1752 3502 excidisse
1788 3441 2033 3502 statuas
2048 3480 2070 3519 ,
2150 3455 2315 3501 num
2364 3430 2507 3499 tale
2564 3430 2713 3515 erit,

463 3547 540 3605 ut
579 3536 912 3607 Mercurii
953 3536 1448 3606 invocationem
1495 3534 1614 3606 hic
1678 3546 1909 3630 aptam
1965 3558 2108 3605 esse
2152 3535 2409 3605 efficias
2426 3533 2462 3601 ἓ*
2552 3533 2713 3602 Νοιι

465 3640 713 3732 opinor
761 3640 1099 3731 equidem.
1204 3640 1417 3725 Quod
1462 3639 1519 3708 si
1562 3641 1911 3733 superiora
1968 3637 2489 3709 consideraveris
2503 3686 2524 3724 ,
2601 3636 2713 3705 fa·-

466 3745 599 3817 cile
616 3794 638 3832 ,
704 3767 906 3836 spero
925 3794 946 3832 ,
1010 3745 1401 3831 adduceriS,
1469 3751 1546 3814 ιιι
1589 3768 1857 3814 versum
1909 3742 2144 3828 illum,
2229 3741 2531 3811 lacerato
2597 3740 2713 3810 vel

464 3848 770 3917 eiusdem
810 3848 1113 3945 paginae·
1142 3844 1499 3942 supremo,
1534 3850 1658 3935 velv
1676 3846 2142 3941 praecedentis
2180 3845 2329 3915 folii
2354 3846 2497 3915 imo
2527 3839 2713 3914 mar-³
2769 3883 2776 3888 -

463 3954 663 4045 gine,
717 3953 1007 4021 alienam
1041 3953 1277 4022 sedem
1306 3975 1679 4044 occupasse
1720 3952 1846 4020 tibi
1885 3951 2319 4042 persuadeas·
2372 3953 2709 4043 Apertum

464 4058 644 4127 enim
685 4054 888 4127 huius
934 4057 1034 4128 rei
1078 4057 1405 4127 indicium
1443 4058 1778 4149 praebent
1807 4057 1928 4124 illa
1962 4078 2027 4129 v.
2060 4053 2233 4123 122.

771 4255 824 4271 —-
873 4256 924 4271 -
974 4256 1026 4271 ·-
1047 4208 1320 4336 ;Ερμῆ
1366 4203 1672 4303 χθόνιε,
1722 4204 2020 4334 κηρύξας
2067 4208 2235 4303 ἐμοὶ

766 4340 944 4395 τους
985 4314 1115 4409 γῆς
1156 4316 1419 4415 ἔνερθε
1461 4313 1815 4411 δαίμονας
1846 4306 2089 4394 κλυειν
2113 4306 2314 4410 ἔμας·

766 4444 1024 4511 ευχας.
