3325 5317
893 500 1381 564 THESAVRI
1437 500 2091 577 STEPHAMANL
2478 504 2612 570 287

358 676 623 796 quimus
665 673 860 765 (vid.
916 674 1259 767 Volgerus
1305 698 1377 768 p.
1412 672 1535 744 89.
1536 676 1690 768 );“
1730 684 1800 744 at
1838 676 1910 744 in
1952 698 2028 745 re
2069 672 2349 744 metrica
2395 696 2607 764 quum

357 780 634 848 omnino
686 779 873 847 nulla
915 788 1014 847 est
1059 779 1259 848 huius
1311 780 1672 849 auctoritas
1693 827 1717 864 ,
1764 788 1909 850 tum
1935 778 2125 849 hoc
2107 802 2176 847 m
2206 777 2366 847 loco
2401 779 2608 848 omis-

352 883 555 953 sionis
592 882 790 974 signo
838 891 993 951 ante
1038 910 1173 974 μοι
1207 882 1532 974 ponendo
1578 884 1742 951 fecit
1788 882 1901 969 id,
1953 882 2143 973 quod
2194 882 2438 971 quivis,
2487 884 2609 953 ubi

352 967 641 1055 meliora
672 985 949 1074 desunt,
1000 985 1237 1054 fabere
1264 994 1506 1077 potest.
1609 986 1939 1055 Eiusdem
1983 985 2272 1078 Volgeri
2324 985 2609 1078 longam

353 1089 864 1159 adnotationem
883 1136 905 1174 ,
959 1088 1028 1168 in
1079 1110 1214 1177 qua
1262 1088 1543 1158 inauditi
1594 1089 1875 1177 quidam
1921 1090 2204 1158 trimetri
2251 1089 2607 1175 trochaici,

245 1261 252 1268 ,
352 1202 425 1263 et
482 1193 840 1284 perinepte
903 1192 1179 1280 quidem
1229 1193 1658 1260 restituuntur
1675 1240 1695 1276 ‚
1766 1215 1907 1261 non
1957 1192 2345 1260 dubitarunt
2392 1202 2607 1261 totam

352 1296 680 1366 exhibere
730 1317 802 1386 p.
836 1292 1009 1362 301.
1063 1286 1203 1383 seq.
1264 1336 1352 1348 —
1409 1297 1773 1364 Praeterea
1808 1318 1973 1365 vero
2004 1296 2206 1364 etiam
2229 1296 2362 1363 alia
2391 1319 2607 1385 quae-

352 1400 554 1484 dam,
636 1420 816 1488 quae
876 1398 1147 1466 minoris
1211 1400 1540 1467 momenti
1608 1409 1761 1467 sunt
1780 1447 1800 1483 ‚
1887 1398 2143 1488 aliquid
2215 1399 2608 1491 compendii

351 1525 566 1593 quum
614 1502 791 1570 libro
830 1500 993 1592 ipsi,
1062 1510 1206 1568 tum
1260 1525 1513 1594 operae
1556 1502 1919 1570 Editorum
1966 1501 2239 1578 afferre
2270 1511 2602 1593 poterant.

351 1605 752 1677 Cuiusmodi
784 1614 912 1688 est,
965 1626 1142 1692 quae
1176 1607 1372 1674 toties
1402 1606 1643 1676 citatur
1669 1598 2073 1700 Συναγωγη
2117 1605 2371 1687 λέξεων
2421 1632 2604 1702 χρη-

353 1710 588 1801 σίμων
640 1712 716 1781 ἐκ
768 1700 1143 1800 διαφόρων
1196 1709 1443 1803 σοφῶν
1494 1736 1579 1781 τε
1629 1735 1750 1780 και
1815 1702 2147 1808 ρητόρων
2196 1709 2491 1782 πολλῶν
2529 1711 2603 1777 in

346 1811 653 1904 Bekkeri
701 1808 1070 1888 Anecdotis
1122 1811 1336 1880 edita:
1415 1834 1591 1901 quae
1640 1834 1854 1901 quum
1904 1811 2293 1880 brevissime
2342 1817 2603 1884 Συνα-

348 1909 547 2010 γωγή
597 1914 847 1997 λέξεων
891 1914 1126 1982 ’νοοαῐὶ
1175 1923 1424 2006 posset,
1478 1937 1600 1984 cur
1649 1923 1791 1982 tam
1843 1935 2049 2004 saepe
2099 1913 2347 2006 longus
2377 1915 2501 1984 iste
2535 1922 2605 1983 et

347 2018 670 2088 molestus
703 2015 935 2085 titulus
960 2017 1281 2108 ponitur?
1330 2016 1473 2086 Sed
1519 2017 1826 2085 videmus
1857 2013 2175 2085 Editores
2215 2020 2399 2108 ipsos
2451 2027 2602 2085 tan-

349 2122 514 2219 dem
571 2129 918 2211 pertaesos
967 2119 1168 2189 huius
1197 2121 1375 2189 tituli
1416 2121 1620 2188 etiam
1662 2121 1930 2193 bmvius
1976 2120 2310 2210 scripsisse
2336 2125 2595 2194 Συνα-
2608 2133 2695 2198 15

348 2218 546 2322 γωγή
587 2223 839 2306 λέξεων
884 2230 1291 2320 χρησίμων,
1342 2231 1421 2293 ut
1467 2246 1541 2315 Ρ.
1592 2220 1769 2296 197.
1825 2222 1904 2293 C.
1960 2220 2133 2292 208.
2186 2222 2266 2293 C.

552 2428 863 2498 Tertium
915 2451 1120 2522 supra
1168 2430 1345 2498 illud
1396 2430 2070 2499 commemoravimus
2087 2478 2109 2516 ,
2162 2428 2354 2519 quod
2388 2428 2603 2498 multa

271 2577 278 2584 -
351 2533 495 2602 aliis
522 2533 692 2601 locis
723 2534 1050 2601 servanda
1078 2534 1344 2602 fuerint.
1447 2534 1609 2605 Hoc
1660 2556 1825 2603 vero
1878 2543 2011 2619 est,
2064 2535 2137 2602 in
2187 2555 2327 2623 quo
2379 2533 2601 2612 omni-

346 2659 440 2706 no
511 2636 705 2705 nobis
766 2635 1072 2705 videmus
1132 2661 1177 2706 a
1238 2637 1780 2706 doctissimorum
1846 2638 2209 2707 Editorum
2281 2635 2606 2706 sententia

348 2739 839 2810 discedendum
890 2764 1056 2810 esse.
1159 2741 1338 2812 Nam
1404 2743 1527 2811 etsi
1593 2741 1951 2834 gratissimi
2017 2742 2443 2833 agnoscimus
2494 2739 2604 2807 in·-

348 2844 747 2913 credibilem
788 2864 1070 2934 operam
1085 2893 1106 2930 ‚
1159 2846 1294 2934 qua
1332 2854 1474 2913 tam
1512 2846 1907 2914 immensam
1950 2845 2444 2937 utilissimarum
2485 2866 2602 2911 re-

346 2970 501 3016 rum
568 2947 842 3037 copiam
908 2957 1426 3040 congesserunt,
1504 2957 1767 3035 tamen,
1846 2949 2148 3038 quamvis
2211 2949 2349 3038 illa*
2395 2950 2599 3032 bona,

345 3052 559 3120 immo
609 3048 804 3120 haud
851 3043 1008 3121 raro
1061 3053 1347 3144 egregia
1399 3053 1561 3137 sint,
1629 3075 2090 3144 permagnam,
2138 3061 2404 3143 partem
2470 3049 2600 3118 ad-

345 3155 767 3225 notationum
802 3156 888 3224 ab
919 3156 1027 3226 his
1045 3205 1066 3242 ,
1117 3156 1187 3223 in
1220 3155 1463 3245 quibus
1513 3151 1835 3248 legu'ntur
1885 3156 2077 3242 lociS‚
2129 3155 2598 3248 alienissimam

351 3280 501 3328 esse
534 3256 1022 3333 contendimus.
1124 3260 1222 3328 Vt
1271 3258 1363 3327 de
1412 3260 1722 3350 plurimis
1773 3283 1997 3352 pauca
2052 3269 2233 3329 certe
2285 3255 2598 3349 exempla

345 3363 758 3447 indicemus,
809 3385 985 3451 quae
1033 3386 1106 3455 p.
1158 3360 1281 3432 67.
1337 3363 1425 3433 de
1477 3366 1689 3434 verbo
1741 3366 1970 3455 ἔχειν,
2021 3386 2092 3454 Ρ.
2123 3361 2297 3430 101.
2324 3385 2467 3451 seq.
2504 3360 2594 3428 de

350 3461 610 3558 ἑσμός,
672 3488 745 3558 Ρ.
798 3464 972 3535 107.
1026 3465 1117 3534 de
1162 3462 1597 3560 θαυμαστός
1649 3477 1717 3536 et
1765 3461 2224 3560 θαυμάσιος,
2289 3490 2365 3557 Ρ.
2417 3462 2592 3531 131.

348 3591 534 3658 seqq.
589 3567 680 3637 de
731 3562 1202 3666 ἄμφιδρόμια
1256 3579 1326 3637 et
1376 3569 1464 3637 de
1514 3570 1889 3665 λεξίθηρος
1939 3570 2211 3657 eiusque
2261 3565 2591 3658 cognatis,
2634 3653 2643 3662 ἱ

347 3696 419 3764 Ρ.
464 3670 637 3740 173.
708 3671 798 3740 de
849 3674 951 3745 λῶ·
1003 3672 1324 3740 adnotata
1373 3681 1559 3757 sunt,
1610 3694 1813 3741 nemo
1866 3670 2021 3756 hic,
2072 3669 2194 3738 sed
2243 3671 2422 3754 illic,
2474 3670 2596 3738 ubi

345 3776 685 3845 Thesauri
746 3775 952 3868 ipsius
1011 3774 1183 3843 ordo
1236 3777 1599 3845 verborum
1653 3799 1736 3844 ea
1786 3774 2304 3845 commemorari
2352 3782 2595 3865 postu-

343 3879 479 3963 lat,
531 3879 919 3968 quaerenda
968 3879 1272 3972 putabit.
1357 3879 1607 3964 Qualia
1656 3900 1867 3968 quum
1886 3885 1894 3894 '
1913 3898 2244 3965 nusquam
2292 3901 2431 3946 non
2480 3900 2595 3947 re-

345 3984 724 4074 periantur,
801 3983 967 4073 quid
1032 3981 1219 4051 aliud
1295 3981 1680 4075 praevideri
1742 3988 1968 4072 potest
1981 4029 2002 4066 ,
2079 4003 2284 4070 quam
2353 3981 2592 4052 Indice

348 4107 522 4176 opus
565 4087 719 4155 fore
758 4087 976 4156 multo
1011 4087 1267 4154 maiore
1282 4133 1304 4170 ‚
1358 4109 1561 4174 quam
1596 4085 1838 4172 veteris
1871 4084 2179 4153 editionis
2208 4085 2422 4154 Index
2450 4084 2594 4155 est?

255 4259 260 4264 ,
347 4212 571 4279 neque
607 4189 751 4260 hoc
782 4191 1002 4259 solum
1023 4237 1044 4274 ‚
1096 4188 1217 4257 sed
1268 4190 1387 4277 qui
1432 4188 1544 4256 vel
1596 4187 1689 4257 de
1739 4210 1875 4255 uno
1928 4190 2139 4256 verbo
2194 4213 2350 4258 eum
2398 4188 2592 4256 Indi-

348 4313 502 4361 cem
553 4294 898 4380 consulat,
965 4291 1056 4360 ad
1123 4291 1418 4382 plurima
1481 4292 1639 4360 novi
1691 4292 2030 4360 Thesauri
2086 4293 2200 4362 vel
2247 4291 2593 4362 volumina

347 4397 458 4464 vel
508 4396 668 4467 loca
719 4398 1111 4489 ablegatum
1177 4395 1291 4480 iri,
1356 4403 1467 4480 ut,
1538 4419 1714 4485 quae
1780 4395 2227 4464 diversissimis
2290 4396 2360 4463 in
2423 4393 2591 4462 locis

351 4497 653 4591 dispersa
700 4509 851 4571 sunt
864 4548 885 4590 ‚
945 4506 1319 4592 cognoscat
1358 4507 1562 4590 atque
1592 4500 1665 4569 in
1692 4522 1899 4570 unum
1935 4500 2239 4591 colligat.
2341 4495 2586 4567 Cuius-
