3325 5317
707 447 995 515 REGIS
1050 446 1651 515 soLEMMBvs
1708 442 2331 520 SEMISAECVL.
2500 454 2633 519 845

398 630 619 709 ctare,
671 625 928 694 civibus
966 624 1166 693 servis
1180 674 1202 712 ,
1252 624 1509 695 maluit⁴
1562 625 1760 712 Quae
1782 624 1948 695 Eius
1979 623 2186 696 virtus
2201 625 2527 716 quoniam
2558 628 2656 703 in*
2721 672 2724 675 Δ

401 753 540 798 ιιυιι
561 728 888 799 ,faciendo
936 729 1158 820 posita
1197 737 1327 812 est,
1387 727 1577 819 apud
1625 728 1977 798 indoctam
2018 730 2515 799 multitudinem
2559 732 2632 799 in

394 834 691 902 obseuro
721 834 916 902 latet:
966 833 1085 900 sed
1114 831 1233 920 qui
1272 833 1575 926 sapiunt,
1622 841 1811 903 tanto
1857 855 2008 902 eam
2041 834 2261 925 magis
2303 855 2631 904 veneran-

395 943 548 1023 tur,
598 936 788 1024 quod
827 936 1046 1005 aliena
1087 936 1174 1002 ab
1222 936 1406 1003 omni
1441 935 1664 1009 laudis
1696 936 2101 1020 ambitione,
2153 937 2451 1010 omnium
2478 960 2627 1008 ma-

396 1040 576 1107 xime
602 1039 824 1122 hunc,
876 1061 1014 1127 quo
1041 1038 1454 1130 gaudemuS,
1506 1039 2040 1112 florentissimum
2073 1039 2355 1110 civitatis
2382 1049 2625 1111 statum

394 1141 739 1241 produxit.
843 1141 1126 1212 Duobus
1156 1142 1268 1211 vel
1298 1143 1508 1211 tribus
1534 1153 1708 1226 utar,
1760 1166 1938 1231 quae
1970 1143 2259 1211 maxime
2292 1142 2359 1209 in
2392 1166 2631 1238 prom-

393 1254 523 1337 ptu
548 1256 731 1330 sunt,
790 1246 1135 1336 exemplis.
1240 1246 1431 1317 Nihil
1453 1255 1593 1313 tam
1623 1246 1912 1315 multum
1943 1244 2033 1313 ad
2074 1245 2492 1338 opulentiam
2526 1248 2632 1316 ci-

395 1349 678 1418 vitatum
730 1349 1108 1439 artiumque
1156 1350 1371 1418 cultus
1421 1349 1736 1419 conferre
1750 1400 1797 1438 ,
1822 1356 2027 1442 quam
2055 1359 2471 1419 mercaturae
2505 1372 2631 1418 ne-

398 1453 634 1545 gotia,
693 1452 863 1520 inter
895 1475 1126 1523 omues
1158 1459 1435 1525 constat.
1558 1451 1756 1536 Quae
1794 1473 1931 1542 quo
1972 1453 2191 1545 magis
2226 1453 2442 1521 libera
2480 1462 2632 1522 sunt

396 1555 835 1648 vectigalium
881 1555 1229 1626 exactione
1247 1604 1268 1640 ‚
1334 1556 1782 1645 caeterisque,
1843 1556 2086 1645 quibus
2129 1554 2247 1625 hic
2301 1556 2447 1627 illic
2495 1557 2629 1625 ob-

394 1661 605 1728 noxia
627 1668 779 1729 sunt
806 1659 1354 1749 impeditionibus
1385 1668 1453 1728 et
1478 1658 1955 1741 vexatiombus,
1986 1682 2071 1727 eo
2102 1660 2318 1728 acrius
2343 1659 2627 1742 fervent,

396 1784 483 1830 eo
515 1762 771 1833 felicius
802 1772 1224 1847 exercentur,
1278 1784 1362 1830 eo
1391 1762 1546 1855 plus
1583 1761 1745 1830 inde
1769 1762 1837 1829 in
1875 1761 2247 1830 universam
2289 1763 2624 1832 civitatem

398 1866 835 1934 emolumenti
868 1875 936 1933 et
965 1865 1429 1956 prosperitatis
1478 1864 1898 1933 diffunditur.
2000 1865 2109 1934 Ac
2150 1863 2375 1934 videte
2406 1865 2627 1953 Saxo-

392 1969 596 2053 niam,
637 1968 986 2062 regionem
1018 1968 1292 2036 minime
1322 1969 1645 2058 amplam,
1698 1968 1890 2036 nullo
1918 1968 2087 2037 mari
2118 1969 2617 2052 conterminam,
2636 1975 2721 2037 16

394 2072 755 2161 nullosque
782 2083 1020 2163 portus
1045 2069 1449 2156 habentem,
1498 2092 1636 2160 non
1678 2072 1805 2138 nisi
1845 2092 1980 2140 uno
2015 2093 2212 2140 amne
2253 2072 2621 2164 navigabili

394 2175 679 2244 divisam
692 2225 714 2263 ,
763 2184 1181 2264 quantopere
1211 2195 1348 2242 non
1379 2174 1624 2242 floreat
1643 2175 1863 2243 solum
1887 2183 2340 2244 mercatorum
2372 2176 2619 2245 merci-

394 2279 909 2368 moniorumque
936 2277 1363 2364 celebritate,
1403 2277 1524 2346 sed
1555 2286 1828 2368 superet
1858 2277 2059 2346 etiam
2085 2279 2295 2371 longe
2322 2278 2621 2348 civitates

396 2382 588 2466 aliae,
642 2383 949 2452 omnibus
974 2390 1389 2451 mercaturae
1417 2381 2031 2472 opportunitatibus
2066 2381 2623 2467 instructissimas,

397 2507 508 2571 eo,
560 2486 748 2575 quod
770 2486 1042 2554 libertas
1073 2484 1260 2575 apud
1293 2507 1415 2553 nos
1448 2484 1612 2556 huic
1646 2485 2075 2577 negotiorum
2103 2485 2339 2577 generi
2368 2508 2627 2577 summa

342 2624 350 2633 ,
397 2611 536 2656 non
575 2588 827 2673 verbis,
881 2588 1003 2659 sed
1050 2612 1127 2657 re
1165 2611 1482 2660 concessa
1528 2598 1643 2657 est.
1763 2588 2029 2658 Deinde
2062 2588 2226 2678 quid
2258 2589 2628 2659 litterarum

394 2692 612 2762 studia
645 2693 892 2777 dicam,
941 2692 1180 2782 quibus
1210 2701 1285 2766 ut
1313 2716 1581 2784 semper
1612 2693 1950 2778 excelluit,
1998 2692 2092 2760 ita
2130 2714 2308 2761 nunc
2335 2693 2626 2761 maxime
2724 2683 2729 2687 ’

396 2797 666 2869 excellit
707 2796 928 2896 patria
954 2805 1178 2875 nostra
1196 2849 1217 2886 ,
1268 2797 1365 2872 sic
1379 2845 1400 2882 ,
1449 2805 1525 2868 ut
1553 2820 1764 2892 quum
1788 2817 2019 2864 omnes
2044 2795 2247 2864 etiam
2276 2796 2492 2864 infimi
2514 2798 2625 2864 lo-

396 2899 463 2973 ci
489 2900 665 2972 cives
693 2901 911 2974 multo
940 2900 1066 2967 sint
1097 2922 1301 2989 quam
1329 2901 1400 2973 in
1429 2900 1572 2971 aliis
1604 2899 2008 2978 Germaniae
2036 2899 2337 2990 partibus
2377 2899 2625 2968 cultio-

394 3025 537 3087 rcS‚
585 3012 732 3073 tum
764 3004 1195 3079 eminentium
1225 3005 1296 3074 in
1341 2996 1806 3104 omni'genere
1852 3002 2201 3076 doctrinae
2245 3001 2623 3087 hominum,
2718 3084 2721 3088 Δ

396 3128 767 3197 eorumque
794 3128 933 3183 non
958 3106 1230 3179 aliunde
1257 3106 1765 3199 accersiturum,
1802 3106 1924 3175 sed
1949 3106 2137 3197 apud
2162 3115 2624 3181 nosnatorum

391 3216 598 3300 atque
624 3209 1066 3299 educatorum
1083 3258 1105 3296 ‚
1157 3234 1242 3279 ea
1277 3219 1345 3279 et
1381 3212 1588 3303 copia
1613 3211 1698 3278 sit
1725 3219 1794 3278 et
1823 3210 2122 3295 claritaS,
2171 3219 2247 3283 ut
2290 3232 2429 3285 non
2467 3230 2625 3285 mov-

390 3311 490 3387 do
518 3313 775 3387 vicinae
799 3322 1069 3407 gentes,
1121 3313 1245 3385 sed
1269 3313 1472 3390 etiam
1496 3314 1977 3391 remotissimae
2017 3314 2105 3382 ab
2134 3313 2328 3383 nohis
2356 3313 2480 3385 sibi
2512 3336 2624 3389 ar-
2735 3322 2740 3335 “

393 3416 563 3490 tium
589 3416 905 3491 doctores
936 3417 1110 3492 mitti
1138 3426 1417 3511 rogent,
1468 3419 1971 3507 litterarumque
2004 3418 2234 3492 lumen
2264 3440 2305 3484 e
2332 3417 2625 3490 Saxonia

391 3542 524 3614 per
562 3542 834 3596 omnem
861 3530 1184 3598 terrarum
1218 3524 1459 3593 orbem
1487 3522 1793 3617 dispergi
1818 3521 2182 3595 videamus.
2249 3519 2460 3608 Atqui
2485 3518 2586 3587 hu
2601 3562 2626 3572 ·-

389 3623 496 3691 ius
524 3645 801 3714 quoque
829 3625 929 3697 rei
958 3623 1136 3699 haec
1172 3623 1464 3697 maxima
1507 3634 1606 3692 est
1632 3633 1702 3693 et
1727 3623 2073 3716 potissima
2111 3645 2380 3710 caussa,
2432 3620 2623 3716 quod

392 3725 772 3796 litterarum
826 3727 1418 3820 doctrinarumque
1445 3728 1752 3795 tractatio
1792 3727 2091 3824 ipsorum
2108 3775 2130 3812 ‚
2181 3725 2299 3820 qui
2335 3748 2445 3799 eas
2481 3735 2623 3798 tra-

393 3838 600 3914 ctant,
651 3830 925 3902 arbitrio
963 3831 1349 3920 iudicioque
1374 3832 1705 3929 permissa
1735 3839 1852 3915 est,
1884 3852 2105 3918 neque
2131 3839 2247 3901 aut
2267 3828 2624 3917 quomodo

389 3932 627 4006 litteris
657 3958 940 4026 operam
969 3935 1135 4003 dare
1163 3934 1478 4020 debeant,
1526 3935 1606 4009 iis
1632 3933 2143 4025 praescribitur,
2195 3944 2309 4000 aut
2336 3932 2468 4003 alia
2493 3934 2625 4001 ims-

328 4111 335 4117 ,
390 4047 737 4129 ponuntur
762 4063 806 4107 a
839 4038 1071 4107 studiis
1101 4038 1473 4105 litterarum
1501 4038 1923 4123 alienissima,
1953 4058 2037 4108 ac
2063 4046 2356 4133 tempuS,
2388 4035 2623 4126 otium,

393 4148 465 4215 et
488 4141 691 4214 animi
723 4142 1134 4219 alacritatem
1161 4140 1510 4231 eripientia
1545 4142 1857 4233 negotia,
1909 4139 2034 4213 sed
2080 4140 2200 4230 qui
2233 4162 2476 4214 navam
2516 4149 2623 4208 at-

390 4265 528 4331 que
561 4245 794 4323 utilem
819 4246 1054 4325 litteris
1089 4266 1367 4336 operam
1393 4243 1877 4336 praestiterint,
1942 4264 2367 4334 quacumque
2405 4243 2527 4310 id
2507 4265 2619 4362 ip·
2631 4243 2716 4310 1⁴7

390 4345 476 4421 sis
507 4347 762 4422 ratione
793 4349 1007 4417 visum
1044 4347 1284 4431 fuerit,
1337 4346 1428 4425 ad
1469 4371 1750 4417 munera
1793 4345 2170 4417 evehuntur
2183 4396 2207 4434 ,
2272 4345 2620 4441 praemiis-2

388 4472 527 4543 que
557 4461 627 4531 et
656 4440 1029 4531 honoribus
1065 4450 1430 4533 excitantur
1473 4460 1674 4544 atque
1716 4461 2054 4523 ornantur.
2158 4450 2424 4527 Eadem
2466 4471 2622 4523 mov
