3325 5317
720 466 861 533 ⁸14
1378 462 1503 525 m:
1560 460 2293 525 composrnout

722 637 1230 722 eun-ediximus,
1278 636 1631 723 eumdem,
1695 658 1903 727 quem
1931 635 2109 722 hae,
2171 615 2243 705 iri
2277 637 2553 731 trilogia
2596 639 2824 710 locum
2864 648 2974 708 te·-

722 741 911 813 nuit.
995 741 1227 811 Prim-
1268 741 1446 810 edm
1480 736 1813 829 Phineus,
1863 740 2164 812 uuanda
2193 742 2477 869 Persae,
2527 743 2972 813 tertiaGlau-

728 868 853 918 αιο
894 843 1267 915 Potniemis
1309 845 1461 914 fuit.

896 997 1355 1087 Confirmare
1413 996 1727 1069 videntur
1783 998 1982 1068 etiam
2032 997 2432 1091 Supplices:
2473 1088 2480 1097 ·
2519 999 2631 1069 cui
2689 1000 2966 1090 quidem

729 1064 1011 1172 fabulae
1049 1102 1288 1171 dubito
1335 1125 1422 1170 an
1461 1124 1599 1170 non
1640 1101 2082 1196 praecesserit
2120 1102 2251 1172 alia
2266 1154 2286 1192 ,
2339 1125 2517 1193 quae
2565 1104 2965 1196 argumento

730 1230 890 1278 cum
923 1230 1006 1276 ea
1038 1205 1436 1278 cohaereret
1451 1254 1471 1292 ,
1525 1229 1737 1296 quum
1777 1229 1956 1296 quae
1994 1206 2123 1274 sint
2154 1207 2316 1275 istae
2345 1206 2624 1299 puellae
2671 1217 2738 1276 et
2781 1208 2964 1277 unde

725 1309 1027 1382 venerint
1067 1311 1296 1431 Argos
1312 1359 1336 1400 ‚
1406 1318 1473 1377 et
1514 1332 1652 1399 qua
1698 1332 1930 1379 caussa
1946 1358 1968 1396 ,
2018 1319 2162 1378 tam
2217 1320 2529 1379 accurate
2575 1310 2964 1411 explicetur,

726 1424 806 1486 ut
858 1416 1037 1483 nunc
1084 1414 1381 1507 primum
1438 1436 1588 1481 eam
1636 1436 1784 1482 rem
1830 1413 1900 1481 in
1955 1436 2155 1483 scena
2195 1413 2313 1507 agi
2367 1424 2718 1506 appareat.
2821 1410 2963 1483 Sed

724 1526 1077 1610 sequutam
1114 1541 1258 1586 esse
1300 1516 1505 1585 aliam
1534 1516 1839 1585 fabulam
1855 1565 1877 1602 ‚
1928 1539 2106 1606 quae
2147 1518 2566 1587 continuaret
2604 1540 2966 1612 argumen-

722 1629 907 1706 tum,'
957 1620 1206 1711 quod’
1186 1643 1257 1689 ιιι
1304 1619 1744 1712 supplicibus
1766 1618 2242 1712 imperfectum
2279 1622 2711 1711 relinquitur,
2761 1621 2958 1695 valde

727 1734 828 1794 est
870 1722 1242 1793 verisimile.
1344 1720 1654 1812 Eamque
1700 1722 2007 1791 fabulam
2058 1724 2399 1794 Danaides
2437 1726 2639 1794 fuisse
2656 1775 2679 1812 ,
2758 1725 2960 1794 facile

725 1850 810 1897 ex
843 1825 1234 1919 fragmentis
1269 1824 1621 1910 coniiciaS,
1673 1835 1749 1894 ut
1789 1846 1965 1915 quae
2001 1839 2233 1919 aperte
2276 1827 2368 1896 ad
2409 1829 2673 1920 nuptias
2705 1829 2960 1897 Danai-

727 1926 896 1998 dum
936 1937 1260 2022 spectent.
1365 1928 1642 1998 Habent
1687 1953 1768 1998 ea
1808 1929 2089 2051 quidem
2130 1941 2269 1999 tam
2306 1931 2716 2025 singularem
2766 1934 2957 2002 colo—

723 2055 908 2119 rem,
959 2042 1037 2101 ιιι
1075 2053 1214 2100 ιιοιι
1247 2031 1371 2099 sim
1411 2033 1802 2117 miraturus,
1855 2034 1911 2101 si
1956 2035 2104 2123 quis
2151 2033 2332 2102 hanc
2379 2035 2685 2104 fabulam
2723 2035 2958 2127 satyri-

724 2158 878 2206 cam
909 2135 1109 2205 fuisse
1153 2136 1484 2205 coniiciat.
1588 2135 1733 2205 Sed
1768 2134 1940 2204 nihil
1967 2147 2064 2206 est
2093 2148 2319 2207 tamen
2344 2137 2413 2206 in
2449 2138 2550 2224 iis,
2602 2140 2793 2230 quod
2828 2161 2961 2207 non

724 2239 929 2309 etiam
972 2241 1043 2308 in
1096 2239 1455 2332 tragoedia
1499 2250 1686 2309 recte
1736 2249 1804 2309 et
1850 2263 2102 2333 magna
2149 2265 2305 2311 cum
2347 2243 2415 2310 vi
2454 2240 2590 2311 dici
2632 2243 2959 2339 potuerit·

721 2365 850 2416 nec
890 2342 1094 2415 facile
1136 2353 1236 2411 est
1281 2342 1666 2429 intellectu,
1733 2343 2084 2433 quomodo
2125 2343 2378 2435 Satyris
2409 2344 2553 2415 hoc
2596 2369 2961 2438 argumen-

717 2456 863 2517 tum
893 2446 1266 2521 conveniat.
1371 2445 1641 2532 Quodsi
1683 2447 2043 2541 tragoedia
2077 2447 2240 2534 fuit,
2298 2441 2553 2517 novum
2595 2450 2799 2519 etiam
2841 2471 2957 2545 θοῇ

721 2551 923 2621 cedet
972 2549 1271 2644 opinioni
1310 2560 1574 2618 nostrae
1619 2550 2149 2636 firmamentum,
2221 2551 2591 2642 siquidem,
2655 2563 2731 2620 ιιι
2776 2553 2960 2645 Sup-

717 2654 936 2746 plices
983 2655 1073 2724 ad
1117 2663 1386 2724 cantum
1427 2652 1846 2746 potissimum
1890 2654 2112 2724 factae
2148 2665 2329 2742 sunt,
2381 2657 2476 2724 ita
2517 2656 2587 2723 in
2631 2656 2959 2725 Danaidi-

719 2758 882 2843 bus,
947 2758 1138 2848 quod
1182 2758 1559 2849 spectando
1601 2758 1893 2826 maxime
1929 2759 2270 2851 populum
2318 2760 2671 2845 retineret,
2738 2760 2957 2846 fuisse,

721 2882 860 2941 non
894 2860 1106 2931 modo
1137 2884 1218 2930 ex
1243 2861 1393 2952 ipsa
1418 2856 2084 2954 undequinquaginta
2117 2885 2517 2953 sponsorum
2549 2863 2962 2945 atrocissima

721 2963 971 3051 caede,
1031 2963 1152 3033 sed
1194 2964 1396 3032 etiam
1441 2986 1525 3033 ex
1574 2988 1659 3032 eo
1706 2965 1978 3034 videtur
2016 2966 2254 3058 colligi
2296 2990 2537 3058 posse,
2588 2967 2779 3057 quod
2818 2968 2960 3035 Ve-

719 3066 893 3136 neris
935 3069 1005 3137 in
1048 3093 1131 3137 ea
1179 3066 1414 3147 fabula
1453 3091 1815 3163 personam
1848 3069 2299 3140 introductam
2341 3071 2650 3162 legimus.

928 3220 1173 3290 Paullo
1221 3223 1413 3290 aliter
1438 3222 1863 3291 statuendum
1893 3223 2161 3291 videtur
2201 3223 2293 3291 de
2320 3223 2605 3316 Septem
2634 3224 2725 3293 ad
2758 3222 2959 3294 The-

636 3364 639 3369 «
719 3324 860 3392 bas.
962 3323 1160 3395 Haec
1199 3325 1500 3415 quamvis
1545 3327 1775 3393 similis
1818 3326 1902 3394 sit
1942 3325 2378 3418 Choephoris
2394 3375 2413 3412 ,
2467 3337 2695 3396 tamen
2730 3328 2959 3398 nescio

721 3448 810 3495 an
847 3435 1107 3496 mutato
1150 3429 1526 3501 variationis
1570 3427 1812 3498 ordine
1862 3451 2001 3497 non
2045 3430 2413 3499 secundum
2428 3478 2448 3516 ,
2513 3433 2635 3500 sed
2689 3432 2957 3500 tertium

718 3530 1038 3624 trilogiae
1093 3532 1328 3602 locum
1371 3532 1706 3603 habuerit.
1821 3534 2294 3626 Praegressam
2341 3534 2617 3623 quidem
2690 3537 2754 3615 ei
2815 3559 2957 3604 esse

720 3634 926 3704 aliam
979 3637 1409 3729 tragoediam
1467 3638 1809 3708 coniuncti
1872 3638 2279 3730 argumenti,
2346 3659 2428 3707 ex
2470 3638 2619 3731 ipsa
2665 3637 2956 3728 intelligi

718 3747 976 3828 potest,
1026 3749 1127 3809 ut
1143 3739 1212 3809 in
1251 3764 1388 3831 qua
1424 3742 1665 3809 somnii
1708 3740 2096 3826 cuiusdam,
2145 3743 2338 3830 quasi
2383 3743 2525 3810 noti
2557 3744 2958 3834 speotatori*

718 3840 877 3925 bus,
925 3846 1180 3912 mentio
1217 3846 1375 3929 fiat,
1428 3844 1520 3913 de
1535 3867 1690 3934 quo
1729 3854 1955 3912 tamen
1984 3847 2054 3912 iu
2091 3845 2214 3912 illa
2256 3845 2535 3934 quidem
2578 3846 2813 3915 fabula
2851 3845 2957 3915 ni·-

720 3940 824 4010 hil
857 3943 1114 4015 dictum
1142 3958 1306 4016 erat.
1406 3949 1635 4018 Locus
1669 3957 1768 4016 est
1797 3947 1915 4020 hio
1940 3971 2004 4016 v.
2045 3947 2220 4021 vot.

631 4111 711 4174 11
985 4094 1171 4190 ἄγαν
1215 4096 1289 4174 δ’
1332 4090 1626 4196 ἀληθεῖς
1676 4100 2023 4177 ἐνυπνίων
2067 4072 2612 4198 φαντασμοῖιων

986 4197 1225 4296 ὄψεις,
1271 4199 1627 4303 πατρῴων
1671 4200 2062 4309 χρημάτων
2110 4199 2470 4315 δατήριοι.

721 4352 885 4425 Hoc
923 4353 1153 4444 itaque
1194 4357 1528 4426 somnium
1561 4358 1634 4427 in
1675 4382 2073 4454 praegressa
2113 4360 2350 4429 fabula
2373 4370 2716 4430 narratum
2754 4360 2958 4428 fuerit

720 4478 993 4532 necem
1026 4465 1152 4530 est.
1253 4460 1485 4552 Atque
1520 4483 1730 4553 quum
1772 4465 1844 4535 in
1875 4464 2124 4535 fabulis
2161 4464 2500 4586 Aeschyli·
2531 4474 2606 4535 et
2644 4464 2849 4535 Laius
2890 4474 2962 4534 et
