3325 5317
853 541 858 548 ,
959 470 1438 535 THESAVRI
1495 469 2162 533 STEPHANIANI.
2550 474 2679 538 247

439 643 698 736 peritur
746 643 819 712 in
864 641 1224 735 ommis,
1301 652 1379 712 ut
1426 642 1545 714 hic
1591 666 1865 734 quoque
1911 642 2176 736 negligi
2218 627 2546 734 potuerit,
2623 625 2680 711 si

440 747 720 837 quidem
759 756 858 816 est
889 749 1274 841 neglectus:
1324 771 1483 816 nam
1525 748 1580 817 si
1612 748 1808 816 altius
1834 747 2346 837 inquisivissent,
2398 748 2678 816 fortasse

437 873 578 921 non
622 873 764 919 esse
807 853 1197 944 neglectum
1228 852 1298 919 in
1337 848 1564 919 nostia
1606 851 2073 920 emendatione
2095 849 2441 931 vidissent3
2489 849 2680 939 quod

439 963 667 1026 autem
698 954 790 1022 de
827 956 1119 1047 simplici
1146 949 1388 1035 αἰόλος
1414 964 1712 1040 mouent,
1760 956 2084 1041 fatemur,
2142 974 2280 1021 non
2304 954 2683 1045 intelligere

354 1131 362 1136 ,
438 1081 595 1142 noS,
667 1079 818 1142 cur,
887 1062 1005 1148 qui
1048 1056 1441 1138 παναίολος
1485 1066 1555 1126 et
1610 1052 2106 1151 αἰολόμορφος
2158 1056 2454 1141 dicatur,
2545 1078 2684 1124 non

442 1162 645 1229 etiam
677 1155 919 1242 αἰόλος
954 1161 1092 1231 dici
1132 1161 1377 1252 possit3
1430 1160 1722 1250 denique
1771 1162 1962 1250 quod
2002 1160 2345 1245 dubitant,
2399 1184 2485 1228 an
2515 1159 2686 1228 Pani

435 1262 581 1334 hoo
618 1264 970 1354 epitheton
1013 1264 1217 1333 tribui
1252 1274 1545 1353 nequeat
1560 1313 1580 1351 ,
1646 1265 1948 1334 omnium
1990 1263 2279 1352 maxime
2328 1263 2687 1336 miramurt

440 1369 554 1439 cui
577 1367 752 1454 deo,
804 1369 859 1435 si
898 1367 1024 1436 ulli
1067 1368 1214 1451 alii,
1268 1368 1525 1459 optime
1574 1367 1716 1438 hoc
1757 1367 2110 1460 epitheton
2147 1369 2495 1453 convenit,
2547 1387 2687 1456 quo

441 1472 498 1541 si
546 1494 687 1540 uon
748 1482 1025 1541 ornatur
1073 1472 1145 1539 in
1207 1470 1466 1560 hymno
1521 1472 1611 1539 xi.
1677 1471 1898 1562 (10.)
1966 1471 2086 1560 qui
2139 1471 2208 1538 in
2250 1469 2473 1560 ipsum
2521 1468 2689 1541 sori-

438 1584 596 1666 ptus
645 1582 741 1643 est
756 1624 776 1661 ,
848 1583 919 1643 at
955 1576 1090 1645 alia
1143 1575 1238 1644 ibi
1282 1597 1422 1643 non
1468 1574 1674 1644 valde
1715 1574 2051 1646 dissimilia
2098 1573 2550 1660 inveniuntur,
2614 1580 2692 1640 ut

438 1697 503 1747 v·
562 1677 678 1745 10.
732 1687 801 1747 et
852 1676 975 1747 19.

647 1832 1096 1958 παντοφυής,
1149 1833 1459 1929 γενέτωρ
1494 1826 1819 1922 πάντων,
1859 1819 2301 1925 Ιἰἰολυοόνυμιῑ
2333 1798 2634 1957 δαῖμον·

651 1931 1027 2019 οἷλλασσεις
1052 1937 1128 2011 δὲ
1161 1930 1411 2033 φύσεις
1441 1961 1738 2008 παντων
1769 1940 1929 2016 ταῖς
1962 1939 2160 2008 σαῖσι
2188 1932 2585 2030 προνοίαις.

443 2092 590 2163 Sed
636 2090 803 2182 quid
846 2113 971 2158 nos
1018 2088 1199 2157 haec
1250 2110 1885 2173 commemoramu3‚
1938 2109 2020 2157 ae
2059 2108 2199 2154 non
2240 2085 2417 2153 illud
2440 2085 2691 2176 potius,

325 2192 332 2198 ⁰
447 2195 640 2286 quod
674 2203 949 2286 praeter
978 2200 1271 2282 metrum
1304 2191 1846 2264 emendationem
1875 2199 2171 2259 nostram
2203 2188 2476 2259 tuetur?
2516 2188 2697 2260 Nam

445 2299 658 2369 verba
717 2296 1062 2367 Macrobii
1102 2295 1281 2366 haec
1323 2304 1474 2365 sunt
1521 2296 1566 2363 i.
1614 2291 1737 2362 23.
1818 2293 2116 2381 „Solem
2162 2316 2306 2362 esse
2350 2291 2580 2360 omnia
2623 2290 2786 2358 et22

450 2450 495 2493 ‚‚
512 2400 837 2495 Orpheus
869 2407 1150 2469 testatur
1188 2398 1297 2467 his
1328 2400 1665 2469 versibus.
1645 2400 1714 2441 ‘⁶‘

661 2555 1015 2641 ,,κε’κλυθι
1054 2545 1461 2650 τηλεπόρου
1506 2547 1700 2647 δίνης
1752 2551 2127 2644 ἑλικαυγεά
2167 2542 2424 2623 κύκλον

657 2654 1097 2753 »οὐρανίαις
1138 2651 1582 2777 στροφάλιγξ
1584 2683 1614 2726 ι
1647 2651 2096 2777 περίδρομον
2130 2652 2291 2725 αἰὲν
2327 2649 2645 2734 ἑλίσσων,

659 2809 705 2847 ,,
727 2757 949 2853 α’γλαὲ
980 2759 1169 2848 Ζεῦ,
1224 2750 1573 2846 Διόνυσε,
1620 2783 1862 2880 πατερ
1896 2749 2206 2849 κόσμου,
2239 2747 2474 2851 πάτερ
2513 2754 2693 2850 αἴης,

659 2912 705 2951 ,,
704 2862 934 2938 ‘'m-ce
965 2862 1454 2957 παγγενέτορ,
1509 2852 1682 2934 Ποῖν
1722 2853 1962 2941 αἰόλε,
2016 2857 2597 2955 χρυσεοφεγγές“

454 3017 643 3105 Quid
693 3025 792 3087 est
839 3016 1018 3084 enim
1057 3015 1124 3082 in
1171 3014 1278 3082 his
1333 3013 1665 3100 versibuS‚
1751 3013 1936 3082 unde
1983 3011 2218 3080 Solem
2277 3009 2503 3078 omnia
2560 3032 2701 3079 esse

455 3130 642 3194 certo
674 3119 1001 3212 colligas,
1069 3118 1191 3187 nisi
1234 3115 1407 3185 illud
1445 3117 1680 3207 ipsum
1718 3118 2002 3186 verbum
2039 3108 2242 3188 Πάν.
2229 3113 2260 3163 ²
2324 3116 2469 3183 Pan
2500 3113 2700 3197 enim,

454 3226 579 3293 ut
560 3248 629 3292 ιιι
668 3224 928 3314 hymno
968 3222 1055 3291 xi.
1103 3220 1296 3312 (10.)
1338 3221 1702 3311 seriptum,
1754 3213 2062 3313 κόσμοιο
2111 3211 2205 3291 τό
2245 3211 2538 3308 σύμπαν
2584 3226 2700 3284 est.

452 3328 550 3397 Et
602 3325 1183 3417 quemadmodum
1228 3324 1348 3394 hic
1396 3324 1523 3392 Sol
1583 3326 1730 3393 Pan
1772 3332 2090 3412 vocatur,
2170 3323 2267 3390 ita
2326 3322 2397 3388 in
2443 3319 2701 3409 hymno

455 3433 669 3500 xxxiv.
711 3430 903 3523 (33)
942 3430 1238 3520 Apollo,
1290 3429 1409 3517 qui
1452 3427 1638 3496 idem
1670 3451 1826 3498 cum
1860 3427 2028 3500 Sole
2063 3433 2197 3512 est,
2248 3426 2395 3493 Pan
2434 3422 2701 3505 dicitur,

454 3535 878 3623 vicissimque
896 3582 917 3620 ,
997 3541 1072 3600 ut
1127 3533 1253 3602 Sol
1306 3533 1376 3600 in
1431 3532 1819 3623 fragmento
1852 3532 2001 3598 isto
2059 3527 2367 3617 luppiter
2432 3534 2500 3592 et
2556 3525 2705 3592 Pan

457 3663 984 3735 χρυσεοφεγγης
1024 3637 1403 3727 appellatus
1445 3646 1580 3720 est,
1650 3637 1744 3702 ita
1778 3635 1923 3701 Pau
1969 3633 2038 3698 in
2065 3631 2324 3719 hymno
2373 3628 2458 3695 xi.
2509 3626 2700 3717 (10.)

460 3750 527 3809 et
562 3743 861 3826 Paean,
882 3750 951 3808 et
974 3740 1322 3831 Iuppiter,
1393 3745 1463 3807 et
1513 3729 1930 3834 φαεσφόρος
1971 3735 2353 3802 nominatur
2397 3725 2507 3799 his
2549 3753 2704 3800 ver-

459 3846 671 3916 sibus:
724 3843 894 3935 (11,
949 3842 1105 3935 12.)

663 3989 1213 4094 κοσμοκράτωρ,
1272 3986 1572 4115 αύξητοί,
1620 3985 2022 4111 φαεσφόρε,
2054 3982 2383 4109 κάρπιμα
2416 3981 2703 4060 Παιᾶν·

668 4096 1141 4199 ἄντροχαρές,
1200 4088 1637 4194 βαρύμηνις,
1697 4087 1969 4191 α’ληθης
1999 4085 2178 4173 Ζευς
2211 4119 2251 4165 ο
2281 4083 2651 4188 κεραστής.

616 4254 971 4324 Addamus
999 4250 1109 4319 his
1135 4252 1342 4319 alium
1372 4249 1647 4318 locum
1628 4272 1699 4317 m
1731 4270 1869 4336 quo
1903 4270 2040 4315 non
2076 4244 2385 4315 videntur
2411 4251 2707 4311 mentem

460 4367 757 4427 nostram
817 4356 1236 4449 perspexisse
1276 4353 1650 4424 doctissimi
1691 4351 2028 4421 Editores.
2130 4351 2310 4417 Nam
2368 4346 2530 4414 dum
2576 4345 2700 4413 ibi-

468 4463 630 4532 dem
662 4463 830 4552 alia,
881 4482 1059 4551 quae
1103 4459 1194 4528 ad
1235 4456 1601 4553 Orpheum
1645 4466 1955 4551 spectant
1972 4504 1993 4542 ‚
2056 4458 2583 4546 persequuntur,
2632 4471 2704 4539 p.
