3325 5317
750 491 839 554 6ss
1305 483 1425 544 DE
1477 481 1951 546 AESGHYLI
2007 477 2450 545 GLAVCIS'

699 659 893 728 oAtf
912 675 1044 738 nec
1106 664 1410 738 veterum
1473 656 1838 747 quisquam
1902 653 2047 725 hoc
2108 662 2384 725 testatur
2397 702 2419 742 ,
2493 654 2994 746 Pausaniasque

755 759 1002 857 δρᾶμα
1047 760 1399 852 appellare
1456 761 1731 846 maluit,
1795 781 1925 848 nec
1975 759 2070 828 de
2109 768 2512 852 arg-umento
2568 760 2665 827 ita
2705 759 3000 845 constat,

751 872 831 933 ιιι
873 862 1035 936 iude
1071 863 1444 958 quidquam
1458 911 1482 950 ,
1531 861 1725 954 quod
1769 872 2030 936 eertum
2071 862 2195 948 sit,
2256 862 2495 956 colligi
2537 864 2782 956 possit3
2841 871 2992 931 tum
3083 878 3134 963 ”a

756 985 842 1036 ex
880 965 1274 1059 fragmentis
1289 1016 1311 1053 ,
1375 990 1551 1057 quae
1591 987 1816 1059 pauca
1859 974 2250 1060 supersunt,
2311 965 2490 1036 illud
2532 974 2749 1054 certe,
2799 964 2993 1057 quod

754 1068 1147 1142 Athenaeus
1187 1070 1311 1142 111.
1356 1093 1443 1162 p..
1470 1068 1605 1141 87.
1650 1072 1735 1140 A.
1769 1070 2027 1157 attulit,
2089 1157 2096 1162 .
2931 1121 2938 1126 ,

1169 1217 1422 1318 κόγχοι
1434 1280 1463 1315 ,
1514 1217 1729 1319 μύες,
1780 1221 2137 1322 κῶστρεια

754 1378 885 1471 (sic
909 1399 1041 1470 pro
1072 1373 1132 1450 κ’
1156 1374 1432 1473 ὄστρεα
1472 1400 1557 1452 ex
1581 1377 1882 1450 eiusdem
1907 1375 2250 1464 Athenaei
2274 1374 2740 1451 observatione
2768 1398 2841 1467 p.
2857 1372 2994 1446 93.

754 1484 839 1553 E.
906 1481 1370 1554 scribendum:
1451 1474 1629 1573 μύες
1683 1478 2001 1576 ὄστρεια
2039 1477 2163 1558 'sic
2217 1479 2436 1572 iungit
2486 1477 2994 1550 Anaxandrides

755 1585 945 1679 apud
974 1584 1293 1658 eumdem
1317 1607 1399 1676 p,
1422 1581 1595 1654 131.
1629 1584 1714 1653 E.
1748 1606 1810 1651 v.
1839 1581 1997 1674 59.)
2025 1582 2384 1673 satyricam
2412 1582 2720 1654 fabulam
2743 1582 2994 1674 potius,

754 1713 958 1780 quam
1003 1686 1426 1787 tragoediam
1470 1685 1740 1760 videtur
1783 1686 2118 1760 redolere.
2239 1686 2562 1776 Aper-tius
2606 1708 2770 1756 vero
2811 1685 3009 1754 in‹li-·

755 1794 938 1864 cium
973 1790 1274 1913 praebet
1302 1783 1698 1864 scholiastes
1731 1788 2087 1858 Theocriti
2117 1789 2209 1858 ad
2235 1789 2357 1857 lv.
2385 1788 2508 1857 62.
2541 1815 2715 1870 τους
2754 1781 2991 1861 σατύ-
3062 1884 3066 1890 Ι

755 1919 941 1993 ρους
964 1890 1298 1988 ἀκρατεῖς
1326 1897 1418 1965 οἱ
1455 1891 1772 1973 πλείονές
1800 1918 2061 1987 φασιν,
2114 1918 2206 1973 ως
2236 1891 2364 1964 καὶ
2392 1918 2563 1974 τους
2600 1882 2995 1988 Σειληνούς

753 1996 884 2071 καὶ
935 1995 1235 2084 Πᾶνας,
1329 1992 1421 2076 οἷς
1461 1986 1826 2085 Αἰσχύλος
1868 1995 2008 2088 μὲν
2058 1998 2137 2068 ἐν
2194 1987 2535 2089 Γλαύκῳ,
2612 1992 2999 2089 Σοφοκλῆς

755 2100 849 2174 δὲ
901 2097 980 2172 ἕν
1034 2092 1519 2195 ῗΑνδρομέδᾳ.
1631 2097 1740 2165 Ita
1782 2096 1959 2169 haec
2013 2087 2262 2188 scripta
2303 2097 2504 2166 affert
2559 2094 2997 2166 casaubonus

755 2202 846 2272 de
876 2209 1076 2292 satyr.
1121 2220 1311 2291 poes.
1336 2200 1390 2272 Ι.
1421 2197 1494 2274 5.
1547 2198 1943 2290 exffcodice,
1990 2208 2072 2269 ιιι
2094 2202 2381 2293 opinor„
2423 2222 2564 2290 quo
2603 2222 2761 2292 eum
2798 2220 2998 2282 usum

754 2328 897 2375 esse
938 2310 1220 2376 constat.
1339 2302 1693 2394 Toupium
1755 2303 1933 2372 enim
1986 2303 2181 2374 mitto
2197 2352 2219 2390 ,
2285 2303 2634 2396 vulgatam
2647 2351 2669 2389 ,
2745 2302 2817 2370 in
2856 2324 2998 2392 qua

753 2405 1093 2505 ἀκρατεῖ-’ς
1114 2405 1338 2491 deest,
1384 2406 1485 2486 „sic
1515 2406 2087 2497 interpretantem,
2134 2415 2213 2475 ut
2256 2415 2513 2498 satyros
2542 2414 2612 2475 et
2655 2405 2921 2475 Silenos
2951 2428 2998 2473 a

749 2510 1087 2582 nonnullis
1115 2509 1333 2579 Panes
1363 2518 1641 2582 vocatos
1671 2509 1808 2579 dici
1835 2510 2015 2580 velit.
2119 2510 2402 2598 Certum
2427 2519 2654 2585 autem
2695 2531 2837 2578 esse
2882 2530 2993 2577 ar-

750 2616 1000 2698 bitror,
1061 2614 1394 2682 marinam
1440 2612 1785 2683 Glaucum
1815 2616 1897 2684 ‚in
1945 2611 2088 2684 hoc
2131 2612 2397 2683 scholio
2439 2612 2779 2704 intelligi,
2851 2633 2997 2681 non

749 2716 1178 2784 Potniensem
1192 2761 1214 2799 ,
1265 2737 1473 2804 quam
1512 2714 1940 2808 tragoediam
1978 2715 2180 2785 fuisse
2226 2726 2295 2785 et
2354 2724 2826 2809 argumentum
2861 2713 3000 2784 do·-

673 2884 676 2887 ,
753 2825 898 2903 cet,
952 2825 1020 2886 et
1061 2817 1315 2888 mentio
1362 2817 1543 2888 facta
1581 2818 1651 2884 in
1692 2818 2117 2910 praefatione
2143 2820 2362 2902 ,veteri
2403 2820 2496 2889 ad
2526 2821 2761 2889 Persas
2778 2865 2800 2904 ,
2850 2818 2996 2904 ubi,

753 2921 811 2989 si
832 2920 1125 3010 satyrica
1167 2919 1401 2989 fabula
1439 2920 1716 3007 fuisset,
1756 2941 1896 2989 non
1938 2921 2137 2990 tertio
2153 2970 2174 3008 ,
2217 2911 2363 2998 'sed
2394 2932 2634 3013 quarto
2676 2922 2840 2993 loco
2885 2945 3026 2991 es-

755 3033 861 3093 set
912 3023 1272 3092 nominata.
1389 3022 1601 3109 Quod
1638 3023 1892 3114 ,pulcre
1925 3025 2477 3100 ‚animadvertens
2511 3025 2999 3113 ,casaubonus‚

751 3147 968 3217 quum
1005 3149 1145 3195 non
1172 3126 1313 3196 „nisi
1336 3149 1542 3196 unum
1586 3127 1677 3195 ab
1716 3126 2061 3222 Aeschylo
2101 3131 2427 3221 scriptum
2478 3153 2620 3225 esse
2649 3128 2999 3224 Glaucum

756 3230 1162 3298 existimaret
1175 3278 1195 3315 ,
1265 3230 1359 3297 ita
1407 3230 1887 3321 corrigendum
1940 3233 2012 3300 in
2070 3232 2195 3302 ista
2240 3227 2689 3325 praefatione*
2715 3234 2998 3320 censuit,

760 3335 1003 3413 Φινεῖ,
1061 3333 1421 3428 Πέρσαις,
1489 3338 1914 3431 Προμηθεῖ,
1985 3329 2290 3431 Γλαύκῳ
2337 3341 2687 3428 [Iov-met,-
2735 3358 2998 3433 perpe-

755 3460 901 3504 ram
933 3459 1091 3508 sane
1107 3484 1137 3521 ,.
1180 3434 1303 3503 sed
1333 3437 1403 3504 in
1431 3458 1514 3504 eo
1540 3445 1791 3505 -tamen
1830 3460 2066 3506 verum
2089 3439 2322 3508 videns
2338 3487 2360 3525 ,
2411 3438 2600 3529 quod
2626 3439 2998 3526 Glaucum,

756 3563 966 3630 quem
1012 3537 1405 3618 scholiastes
1450 3538 1811 3630 Theocriti
1864 3542 2126 3627 citaret,
2193 3542 2553 3634 satyricum
2594 3566 2740 3613 esse
2793 3544 3001 3614 intel-

755 3643 939 3711 lexit.
996 3711 1001 3714 ,
1057 3643 1154 3713 Ει
1195 3642 1291 3712 sic
1333 3644 1644 3735 Toupius
1685 3649 1962 3733 quoque
2013 3645 2353 3715 Glaucum
2395 3646 2755 3737 satyricum
2794 3646 3002 3715 fuisse

754 3747 1190 3836 pronunciat,
1244 3747 1367 3815 etsi
1405 3746 1602 3815 solita
1647 3747 2069 3819 festinatione
2112 3772 2252 3822 non
2280 3772 2605 3842 quaerens
2620 3798 2641 3839 ,
2703 3756 2859 3819 utro
2907 3748 3003 3819 de

759 3847 1030 3919 Glauco
1075 3857 1333 3941 agatur.

961 4054 1111 4121 Iam
1178 4051 1270 4119 de
1334 4063 1737 4147 argumento
1791 4054 2068 4125 fabulae
2123 4053 2487 4128 videamus·
2602 4057 2690 4127 Id
2743 4056 2997 4127 Ruhn-

754 4155 986 4225 kenius
1049 4156 1313 4223 videtur
1367 4159 1660 4249 positum
1730 4169 1999 4252 putasse
2052 4159 2124 4227 in
2189 4160 2448 4230 infelici
2501 4182 2733 4231 amore
2747 4209 2772 4249 ,
2852 4184 2996 4251 quo

757 4259 1060 4329 Glaucus
1102 4257 1405 4348 Scyllam
1447 4260 1787 4352 deperisse
1825 4264 2056 4338 fertur
2160 4263 2349 4334 Nam
2381 4264 2473 4333 ad
2517 4264 2856 4335 Velleium
2902 4266 2995 4340 11.

757 4361 919 4450 83,
914 4360 1016 4436 2.
1069 4362 1248 4429 ubi
1226 4385 1301 4428 is
1323 4363 1652 4446 Plancum
1666 4412 1689 4453 ,
1731 4368 2199 4441 caeruleatum
2246 4377 2315 4436 et
2357 4367 2617 4440 nudum
2646 4377 2992 4461 caputque

754 4410 1142 4535 redimitum
1180 4455 1538 4556 arundine,
1587 4479 1658 4540 et
1702 4469 1993 4551 caudam
2026 4469 2408 4544 trahentem
2424 4519 2448 4561 ,
2499 4472 2787 4565 genibus
2815 4472 2996 4543 inni-
