3325 5317
1101 443 1738 507 DISSERTATIO
1793 442 1873 507 11.
2471 446 2600 511 157

365 641 505 689 non
545 618 762 711 magis
798 626 1148 687 removent
1190 618 1657 688 difficultatem
1673 628 1710 704 ‚'
1762 638 1899 707 qua
1942 613 2061 691 hie
2104 618 2311 687 locus*
2342 618 2599 709 premi-

363 733 493 792 tur.
595 724 759 841 Ego
801 722 1079 810 quidem
1122 723 1348 852 plane
1375 743 1770 815 persuasum
1806 719 1975 788 mihi
2017 718 2284 800 habeo,
2334 722 2600 815 Dioge-
2606 730 2611 735 ’

363 849 525 895 nem
569 826 939 916 scripsisse·
1020 826 1141 899 καὶ
1200 818 1770 918 Ἀστυδάμαντα
1822 816 2185 921 πρότερον
2227 821 2377 897 ταῖν
2429 828 2599 920 περὶ

362 923 762 1019 Αἰσχύλον.
779 926 1130 1024 ἐτίμησαν
1179 921 1403 1002 εἰκόνι
1447 927 1690 1048 xalxjj.
1794 925 2070 995 Constat
2093 934 2318 997 autem
2345 929 2602 1019 saepis-

362 1034 556 1101 sime
579 1032 976 1101 commutari
1025 1033 1115 1100 ab
1157 1031 1441 1099 librariis
1479 1032 1772 1127 πρῶτον
1816 1039 1885 1097 et
1908 1022 2303 1128 πρότερον.
2391 1031 2601 1122 Asty-

299 1155 314 1163 ·
364 1135 664 1203 damanti
693 1135 869 1203 enim
912 1135 1066 1204 vivo
1094 1134 1312 1225 posita
1341 1143 1440 1202 est
1477 1143 1725 1217 statua,
1778 1131 1867 1202 de
1909 1155 2045 1220 qua
2087 1155 2163 1200 re
2208 1132 2492 1202 Photius
2531 1144 2601 1203 et

361 1238 606 1308 Suidas
649 1239 720 1305 in
757 1262 819 1305 v.
866 1230 1138 1334 σαυτήν
1179 1241 1526 1321 ἐπαινεῖς,
1595 1245 1663 1303 et
1706 1235 2223 1327 proverbiorum
2268 1237 2592 1307 collecto-

361 1364 469 1411 res
529 1349 999 1431 exposuerunt.
1122 1338 1470 1428 Aeschylo
1537 1347 1766 1407 autem
1824 1347 1982 1428 post
2042 1338 2600 1429 Astydamantem

361 1445 641 1514 demum
693 1444 1039 1514 decretam
1085 1451 1234 1511 esse
1257 1450 1541 1510 statuam
1584 1464 1666 1510 ex
1692 1462 1776 1510 eo
1822 1441 2252 1533 intelligitur,
2304 1443 2604 1533 quodid

361 1548 619 1618 factum
667 1556 765 1615 est
814 1547 1167 1638 rogatione
1216 1544 1523 1637 Lycurgi
1571 1544 1851 1615 oratoris
1872 1593 1894 1630 ,
1946 1566 2154 1634 quem
2195 1545 2601 1617 Plutarchus

360 1651 430 1719 in
472 1651 620 1718 vitis
666 1651 750 1718 X.
792 1659 1136 1718 oratorum
1185 1670 1257 1739 Ρ.
1283 1647 1481 1717 ,8,41.
1523 1647 1607 1725 F,
1647 1648 1881 1740 legem
1925 1648 2155 1719 tulisse
2200 1650 2460 1734 scribit,
2514 1646 2604 1732 οἷς

364 1752 628 1845 χαλκᾶς
673 1745 950 1832 εἰκόνας
1001 1748 1395 1826 cirecestrae
1436 1749 1583 1823 τῶν
1626 1749 1951 1847 ποιητῶν
1980 1744 2384 1840 Αἰσχύλου,
2433 1757 2599 1826 Σο-

364 1857 748 1952 φοκλέους,
807 1851 1244 1952 Εὐριπίδου.
1347 1854 1560 1942 Atqui
1603 1853 2005 1944 Astydamas
2045 1854 2342 1944 primum
2386 1855 2602 1923 edidit
2706 1854 2713 1863 ’

259 1998 271 2014 =
359 1957 787 2051 tragoediam
837 1956 1117 2049 Olymp.
1173 1956 1385 2026 XCV.
1441 1955 1510 2022 2.
1555 1965 1722 2025 teste
1764 1955 2078 2026 Diodoro
2133 1956 2368 2029 Siculo
2415 1958 2601 2055 xlv.

360 2061 512 2130 43.
507 2083 672 2151 quo
716 2070 1029 2152 tempore
1073 2082 1246 2150 puer
1290 2059 1520 2128 adhuc
1562 2069 1707 2129 erat
1756 2058 2147 2151 Lycurgus,
2178 2061 2316 2151 qui
2359 2083 2603 2131 secun-

362 2165 529 2234 dum
565 2164 853 2263 Taylori
897 2163 1289 2232 sententiam
1335 2163 1403 2229 in
1445 2162 1865 2252 praefatione
1911 2162 2002 2230 ad
2053 2164 2194 2233 eius
2231 2164 2603 2233 orationem

360 2290 433 2360 p.
476 2264 653 2340 105.
702 2248 810 2347 ed.
849 2266 1078 2336 Reisk.
1123 2266 1304 2335 circa
1352 2264 1632 2359 Olymp.
1670 2264 1917 2335 xcul.
1959 2274 2151 2335 natus
2190 2274 2308 2335 est.
2411 2266 2601 2337 Con-

359 2371 546 2441 venit
576 2391 731 2438 cum
758 2370 869 2439 his
921 2370 1122 2437 etiam
1162 2369 1529 2437 Pausaniae
1559 2368 1648 2436 de
1686 2367 2011 2458 Aeschyli
2043 2378 2257 2438 statua
2295 2371 2601 2439 testimo-

363 2475 585 2559 nium,
638 2474 755 2560 qui
790 2473 844 2540 Ι.
876 2471 998 2555 21,
1052 2470 1120 2538 3.
1152 2472 1246 2543 sic
1274 2472 1534 2540 scribit:
1586 2496 1722 2568 την
1758 2470 1836 2544 δὲ
1869 2464 2109 2544 εἰκόνα
2143 2499 2280 2545 του
2253 2467 2601 2563 ‘’Amxd-

364 2581 495 2650 λου
545 2575 788 2668 πολλῷ
825 2604 910 2650 τε
943 2572 1247 2669 ὕστερον
1281 2574 1408 2672 τῆς
1434 2572 1769 2693 τελευτῆς
1815 2574 2003 2646 δοκω
2027 2573 2436 2672 ποιηθῆναι
2478 2575 2600 2647 καὶ

367 2678 496 2774 τῆς
526 2678 842 2773 γραφῆς,
894 2677 942 2776 ἢ
983 2670 1077 2750 vo*
1113 2679 1324 2773 ἔργον
1365 2677 1528 2766 ἔχει
1558 2703 1647 2749 το
1696 2679 1773 2750 ἐν
1800 2677 2257 2773 Μαραθῶνι.
2360 2678 2600 2767 Itaque

254 2794 261 2801 '
364 2780 507 2851 hoc
552 2781 717 2850 dicit
775 2782 1121 2872 Diogenes
1134 2827 1155 2865 ‚
1233 2780 1724 2869 perversissime
1785 2778 2084 2849 iudicare
2161 2780 2391 2851 solitos
2459 2804 2600 2849 esse

363 2883 804 2953 Athenienses
817 2933 839 2970 ‚
914 2884 1035 2974 qui
1070 2882 1649 2972 quemadmodum
1695 2881 1785 2950 de
1836 2882 2137 2951 Socrate
2158 2883 2432 2973 eiusque
2473 2899 2690 2961 εει-20

366 2988 776 3058 cusatoribus
834 2986 1027 3067 brevi
1086 2987 1410 3078 temporis
1460 2987 1678 3080 spatio
1741 2985 2181 3057 diversissima
2236 2988 2600 3075 statuerint,

363 3091 460 3159 ita
511 3090 891 3173 Homerum
935 3090 1442 3180 Tyrtaeumque
1496 3088 1781 3157 insanire
1819 3089 2234 3179 putaverint,
2298 3090 2600 3182 Astyda-

364 3203 664 3263 mantem
701 3214 897 3279 vero,
947 3193 1330 3285 arrogantia
1371 3193 1587 3285 magis
1637 3214 1844 3281 quam
1895 3202 2039 3261 arte
2090 3202 2325 3263 notum
2340 3241 2363 3280 ‚
2413 3195 2599 3287 prius

365 3295 846 3375 honoraverint
879 3304 1128 3383 statua,
1195 3314 1401 3386 quam
1451 3304 1804 3387 parentem
1845 3296 2246 3388 tragoediae
2285 3297 2599 3387 Aeschy-

364 3399 530 3469 lum.
647 3400 1085 3470 Removimus
1159 3393 1333 3480 τούς
1386 3399 1550 3495 περὶ
1608 3392 2017 3489 Αἰσχύλον,
2092 3401 2247 3489 qui,
2326 3410 2596 3492 praeter

364 3502 590 3595 ipsum
630 3503 1049 3594 Aeschylum
1065 3550 1088 3588 ,
1162 3523 1300 3570 non
1345 3501 1613 3571 fuerunt
1648 3524 1972 3589 umquam
2013 3503 2151 3569 ulli.
2268 3502 2599 3592 Reliquus

368 3615 471 3676 est
514 3606 955 3699 Euphorion,
1003 3606 1178 3674 filius
1203 3605 1568 3695 Aeschyli,
1620 3603 1712 3672 de
1742 3626 1881 3693 quo
1917 3626 2128 3694 quum
2157 3603 2403 3674 Suidas
2431 3606 2598 3678 scri-

365 3710 532 3797 bat,
576 3710 655 3791 ὁς
684 3709 799 3783 καὶ
828 3716 980 3791 τοῖς
1006 3708 1146 3783 τοῦ
1174 3702 1451 3804 πατρός
1475 3700 1878 3797 Αἰσχύλου,
1925 3706 2033 3788 οἶς
2058 3700 2271 3803 μήπω
2304 3703 2395 3806 ἦν
2426 3712 2595 3784 ἐπι-

367 3806 814 3905 δειξάμενος,
903 3804 1237 3910 τετράκις
1296 3810 1651 3907 ἐνίκησεν,
1750 3807 2144 3878 Boeckhiuss
2189 3831 2326 3880 11011
2380 3811 2594 3881 modo
2722 3885 2728 3890 .

368 3936 441 4007 Ρ.
489 3914 611 3984 32.
655 3916 733 3984 id
769 3916 1026 3986 factum
1070 3921 1270 4007 putat
1315 3912 1597 4005 Olymp.
1644 3912 2056 3983 LXXXVII.
2102 3934 2240 4005 quo
2282 3923 2597 4009 tempore

368 4017 793 4111 Sophoclem
842 4027 1046 4109 atque
1086 4017 1487 4107 Euripidem
1528 4017 1616 4085 ah
1648 4015 2099 4109 Euphorione
2143 4018 2396 4088 vietum
2436 4043 2596 4089 nar-

368 4131 475 4190 rat
503 4121 990 4215 Aristophanes
1021 4121 1383 4211 Byzantius
1424 4122 1495 4188 in
1538 4129 1939 4212 argumento
1977 4119 2277 4191 Medeae
2313 4124 2595 4215 Euripi-

296 4238 305 4253 ·
370 4223 474 4293 dis
488 4272 511 4311 ‚
579 4226 699 4295 sed
736 4249 807 4316 p.
848 4221 971 4293 55.
1016 4224 1217 4295 etiam
1246 4222 1594 4315 Aeschylo
1621 4223 1693 4290 in
1731 4222 1962 4294 Sicilia
2009 4223 2304 4319 degente
2331 4226 2596 4296 fabulas

317 4376 322 4380 -
370 4327 511 4397 eius
550 4331 642 4398 ab
675 4328 1123 4421 Euphorione
1171 4327 1388 4417 aliove
1432 4325 1759 4416 Aeschyli
1802 4336 2095 4420 cognato
2137 4331 2210 4398 in
2255 4337 2594 4400 certamen

377 4429 633 4503 delatas
679 4434 1082 4528 suspicatur,
1130 4432 1224 4501 ita
1266 4440 1343 4501 ut
1388 4431 1568 4502 istud
1601 4429 1711 4514 οἷς
1745 4425 1961 4528 μήπω
1997 4426 2087 4527 ἦν
2133 4424 2590 4526 ἔπιδειξοῖμε-
2644 4472 2651 4485 1
