3325 5317
700 439 835 506 aeo
929 435 1033 498 nr:
1071 432 1144 498 R.
1175 433 1563 497 nmmo
1598 431 1936 509 Ewsovr:
1970 379 2345 503 remoue
2380 430 2744 495 rrnm1

703 607 957 703 legitur
992 608 1064 677 in
1096 606 1205 677 ed'.
1228 606 1565 677 Putschii:
1615 604 1938 677 Naevius
1977 605 2052 672 in
2099 602 2400 675 Colace.-
2449 604 2571 698 qui
2600 602 2949 676 decumae

696 719 955 806 pendes
998 718 1338 804 quantum
1383 711 1601 780 alieni
1624 709 1783 804 ficit
1817 708 2131 801 polluxit
2153 755 2175 793 ‚
2228 708 2356 778 tibi
2400 731 2451 776 a
2496 707 2945 800 publicando

707 815 918 908 epulo
963 814 1300 885 Herculis
1351 816 1714 884 decumas.
1787 813 1911 881 Et
1954 811 2024 880 in
2064 812 2304 884 Naevii
2352 811 2631 901 quidem
2672 812 2946 882 nomine

708 940 975 1004 omues,
1042 938 1214 1008 quos
1262 940 1399 1011 ego
1443 916 1650 988 sciam
1665 966 1688 1004 ,
1768 914 1927 984 libri
1980 916 2415 984 consentiunt.
2533 915 2730 984 Alter
2785 915 2944 987 cod.

705 1019 898 1114 Lips.
993 1019 1168 1113 quid
1242 1043 1377 1115 pro
1454 1022 1594 1114 qui.
1731 1020 2045 1143 Fortasse
2122 1018 2216 1086 ita
2293 1018 2727 1089 scribendum
2803 1019 2949 1090 hoc

708 1123 1237 1221 fragmentum.

626 1280 712 1345 1⁹
922 1275 1100 1370 quid
1129 1273 1470 1349 decumas
1490 1270 1793 1371 partis?
1842 1282 2181 1368 quantiam
2211 1274 2313 1344 mi
2345 1274 2560 1343 alieni
2601 1272 2764 1367 fuit,

903 1380 1192 1479 pollam·
1241 1380 1369 1451 tibi
1410 1382 1561 1452 im
1585 1378 2031 1475 publicando
2072 1379 2281 1472 epulo
2324 1378 2661 1448 Herculis
2771 1400 2777 1417 ¹

915 1485 1276 1555 decumas.
2707 1507 2712 1512 ·

714 1635 914 1723 Quae
955 1637 1164 1707 verba
1206 1641 1399 1706 erunt
1439 1635 1904 1727 exprobrantis
1941 1634 2272 1706 beneficia
2306 1633 2377 1702 in
2403 1633 2768 1730 parasitum
2798 1632 2954 1703 col-

711 1740 872 1808 lata.
922 1739 1103 1809 Vide
1143 1739 1535 1829 interpretes
1568 1739 1792 1807 Plauti
1824 1740 1915 1806 ad
1946 1738 2145 1808 Cure.
2177 1738 2266 1806 11.
2310 1737 2358 1805 3
2374 1786 2400 1822 ‚
2451 1736 2577 1810 79.
2629 1736 2845 1806 Stich.
2889 1736 2947 1803 Ι.

715 1841 802 1928 8,
853 1840 978 1910 81.
1036 1841 1181 1912 Sed
1237 1842 1389 1910 satis
1432 1839 1603 1910 mihi
1650 1841 1890 1911 videor
1937 1840 2197 1910 Naevio
2248 1840 2597 1910 asseruisse
2645 1841 2952 1908 fabulam

716 1943 1063 2015 Colacem.
1164 1944 1404 2034 Itaque
1431 1953 1732 2013 revertor
1758 1944 1848 2013 ad
1865 1944 2280 2018 Bentleium.
2383 1943 2524 2029 Qui
2548 1943 2746 2034 quod'
2767 1944 2952 2028 dicit,

712 2047 954 2117 miram
999 2070 1141 2117 esse
1177 2047 1590 2118 locutionem
1609 2094 1632 2134 ‚
1700 2047 2037 2117 Colacem
2078 2069 2229 2120 esse
2258 2045 2497 2121 Naeva·
2508 2096 2528 2133 ,
2583 2053 2651 2120 et
2699 2046 2954 2117 Plauti

713 2159 1025 2221 veterem
1058 2148 1444 2245 fabulam,
1505 2161 1573 2220 et
1615 2170 1807 2241 quae·
1838 2173 2050 2245 porro
2090 2150 2182 2220 de
2225 2149 2334 2218 his
2366 2151 2587 2220 verbis
2630 2150 2950 2242 disputat,

592 2338 599 2351 ¹
710 2254 1053 2335 neminem
1084 2254 1370 2324 arbitror
1397 2263 1535 2328 tam
1573 2252 1897 2325 hebetem
1935 2278 2115 2339 esse,
2182 2253 2347 2343 quin
2382 2254 2647 2341 videat,
2715 2254 2803 2325 de
2840 2256 2949 2322 in-
3009 2279 3018 2291 ·

717 2358 973 2429 dustria
1013 2380 1170 2430 eum
1209 2357 1621 2431 calumniari.
1722 2358 1902 2428 Nam
1946 2358 2094 2447 quis
2136 2357 2261 2444 sibi
2312 2357 2753 2450 persuadeat,
2813 2380 2953 2426 non

621 2520 625 2529 .
713 2460 959 2531 vidisse
1025 2484 1218 2546 eum,
1302 2461 1398 2532 sic
1460 2460 1671 2529 verba
1734 2483 1877 2530 esse
1938 2460 2317 2554 iungenda,
2403 2460 2738 2530 Colacem
2803 2482 2953 2529 esse

714 2562 955 2641 Naevi
1000 2570 1070 2633 et
1108 2564 1397 2649 Plauti,
1444 2571 1757 2634 veterem
1783 2562 2155 2657 fabulam.
2248 2563 2470 2633 Immo
2516 2565 2693 2633 bene
2744 2563 2950 2634 vidit:

718 2666 845 2737 sed
875 2667 1085 2739 sciens
1118 2666 1590 2754 dissimulavit,
1641 2676 1718 2755 ut
1752 2666 2088 2754 haberet„
2116 2687 2254 2756 quo
2283 2668 2686 2760 scripturam
2716 2690 2950 2759 suspe-

580 2855 586 2862 .
717 2778 900 2843 ctam
933 2769 1269 2841 redderet.
1369 2772 1548 2844 Nam
1581 2771 1653 2840 in
1691 2770 1826 2840 illis
1871 2770 2043 2843 nihil
2093 2780 2271 2857 erat,
2335 2770 2523 2866 quod
2577 2761 2953 2864 reprehen-

717 2870 949 2960 deret,
1000 2894 1210 2964 quum
1255 2874 1539 2945 Luscius
1589 2873 1789 2960 dixit,
1838 2874 2272 2959 Eunuchum,
2292 2875 2599 2943 Terentii
2644 2897 2782 2944 non
2824 2898 2952 2943 no-

714 2998 902 3062 vam,
954 2976 1076 3060 sed
1113 2985 1406 3046 veterem
1455 2977 1763 3052 fabulam
1799 2999 1974 3059 esse3
2027 3001 2169 3047 esse
2206 2977 2385 3052 enim
2411 2974 2739 3071 Colacem
2768 2976 2950 3046 Nae-

566 3165 570 3169 ·
716 3078 807 3146 vii
864 3086 932 3147 et
970 3079 1217 3153 Plauti.
1319 3082 1638 3155 Veterem
1699 3082 1876 3151 enim
1926 3081 2231 3151 fabulam
2287 3104 2490 3156 nemo
2556 3104 2695 3151 non
2745 3081 2950 3170 videt,

715 3201 857 3251 non
879 3190 1021 3253 tam
1050 3206 1202 3255 earn
1231 3181 1369 3258 dici
1383 3231 1404 3269 ,
1457 3206 1633 3278 quae
1675 3185 1925 3257 multos
1957 3194 2109 3254 ante
2137 3208 2343 3267 annos
2374 3186 2555 3254 edita
2582 3186 2696 3271 sit,
2749 3207 2954 3276 quam

714 3283 935 3373 hanc,
998 3307 1176 3380 quae
1232 3307 1371 3353 non
1417 3286 1756 3361 contineat
1788 3310 2042 3358 novum
2081 3289 2360 3380 aliquod
2401 3298 2467 3357 et
2504 3312 2643 3360 non
2684 3299 2840 3361 ante
2882 3289 2953 3356 in

715 3410 918 3459 scena
958 3389 1173 3458 visum
1209 3398 1704 3482 argumentum.
1809 3390 1954 3460 Sed
1996 3393 2228 3489 pergit
2272 3393 2408 3461 alio
2455 3392 2741 3463 artificio
2785 3414 2954 3463 con-

714 3491 935 3563 futare
980 3493 1312 3562 librorum
1355 3492 1787 3585 scripturam,
1854 3517 2064 3585 quum
2099 3497 2170 3569 iu
2223 3518 2307 3569 eo
2323 3544 2344 3582 ‚
2394 3496 2466 3563 in
2503 3518 2642 3586 quo
2681 3501 2954 3567 accuset

713 3594 994 3668 Luscius
1019 3597 1418 3672 Terentium
1435 3646 1456 3684 ,
1509 3597 1830 3675 eumdem
1857 3599 2054 3667 simul
2098 3618 2414 3670 excusare
2455 3601 2572 3674 ait.
2674 3602 2853 3669 Nam
2900 3599 2956 3667 si

715 3697 1071 3770 Terentius
1099 3702 1264 3772 furti
1292 3710 1647 3773 accusetur
1665 3749 1687 3787 ‚
1739 3700 1927 3774 idem
1970 3702 2171 3770 etiam
2202 3704 2522 3772 Plautum
2554 3703 2790 3777 fecisse
2808 3752 2829 3789 ,
2881 3710 2955 3771 ut

717 3800 809 3873 ab
848 3803 1107 3877 Naevio
1121 3853 1142 3890 ,
1194 3805 1311 3901 qui
1354 3828 1426 3875 se
1469 3803 1803 3900 antiquior
1839 3813 2040 3895 esset,
2095 3816 2570 3898 argumentum
2607 3807 2788 3876 istud
2839 3804 2955 3875 fu·-
2989 3896 2996 3901 ι

714 3912 994 3977 raretur.
1107 3910 1277 3980 Esto
1337 3928 1537 3993 vero,
1622 3916 1702 3977 ut
1753 3909 2083 3977 Naevium
2138 3910 2609 4003 compilaverit
2647 3911 2953 3981 Plautus:

700 4002 885 4097 'quid
926 4007 1070 4077 hoe
1113 4009 1204 4078 ad
1250 4032 1396 4080 rem
1409 4011 1444 4079 ?
1504 4011 1794 4080 Furtum
1835 4013 1906 4080 in
1948 4012 2274 4081 Terentio
2319 4013 2763 4107 reprehendit
2806 4013 2955 4081 Lu-

716 4110 890 4179 scius
904 4153 941 4207 ⁴⁹:
990 4111 1109 4200 qui
1125 4158 1147 4197 ‚
1209 4114 1266 4180 si
1314 4114 1500 4182 idem
1551 4116 1754 4183 etiam
1817 4115 2097 4185 Plautus
2142 4117 2306 4187 fecit
2324 4165 2347 4203 ‚
2410 4139 2574 4185 num
2649 4115 2954 4186 laudabit

716 4211 906 4285 hune
922 4212 958 4282 P
1029 4213 1241 4287 immo
1284 4239 1503 4305 aeque
1553 4217 2050 4311 reprehendet5
2132 4228 2202 4288 et
2263 4243 2402 4291 non
2449 4221 2651 4290 fuisse
2685 4220 2955 4299 imitari-7

719 4316 885 4386 dum
928 4316 1147 4391 dicet:
1201 4325 1291 4385 ut‘
1325 4319 1495 4386 nihil
1543 4320 1707 4392 hinc
1758 4323 2194 4394 excusationis
2221 4324 2547 4394 Terentio
2579 4324 2795 4418 possit
2833 4344 2952 4394 ac-

719 4421 987 4492 cedere.
1018 4468 1028 4477 ,
1093 4419 1392 4503 Omnino
1433 4432 1661 4495 autem
1710 4447 1850 4496 non
1890 4425 1983 4498 de
2031 4449 2118 4499 eo
2159 4428 2419 4527 agitur,
2469 4428 2635 4522 quid
2674 4429 2951 4503 Plautus
3073 4436 3078 4443 ’
