3325 5317
645 324 664 341 n
739 316 780 341 ΩΙ

670 412 800 479 144
971 408 1094 474 DE
1144 407 1468 473 CBORO
1524 406 2102 475 Evmtmnvu
2139 407 2611 476 Auscurm
2680 458 2699 473 .

667 606 928 657 veisam
957 580 1416 653 Eumenidum
1443 580 1820 668 fortunam,
1868 590 1945 652 ut
1988 581 2279 675 scriptor
2317 583 2497 654 vitae
2529 584 2671 655 eius
2701 591 2912 657 testa-
2942 652 2949 659 .

665 697 838 775 tur„
877 686 1208 761 credibile
1242 696 1383 772 est,
1450 686 1523 755 in
1579 685 2037 756 Eumenidum
2085 688 2556 759 commissione
2608 689 2914 760 tabulata
2950 740 2955 747 -

669 791 1028 876 cecidisse,
1090 790 1283 880 quod
1347 790 1445 859 ob
1494 811 1648 860 eam
1707 812 1889 858 rem·
1928 789 2060 859 iter
2105 790 2289 861 istud
2335 802 2721 885 susceptum
2770 817 2916 864 me

670 895 918 968 Suidas
951 894 1138 964 dicit.
1237 893 1483 983 Atqui,
1531 901 1607 961 ιιι
1632 915 1723 962 ne
1749 902 2055 984 repetam
2072 940 2096 981 ,
2144 893 2338 984 quod
2365 917 2573 988 supra
2597 895 2771 983 dixi,
2820 894 2914 968 de

669 998 934 1092 duplici
957 996 1414 1068 Eumenidum
1459 996 1927 1066 commissione
1967 1019 2115 1068 rem
2141 997 2448 1068 nondum
2488 999 2913 1070 demonstra-
2950 1050 2957 1055 -

614 1103 814 1173 Stam
857 1125 1039 1189 esse,
1087 1100 1345 1172 Suidae
1371 1099 1827 1170 testimonium
1859 1098 2034 1169 nihil
2073 1101 2428 1193 probabit,
2478 1103 2535 1171 si
2581 1112 2700 1172 aut
2736 1103 2915 1173 vitae

666 1206 956 1299 scriptor
997 1204 1181 1275 alind
1233 1203 1397 1274 dicit
1410 1251 1433 1290 ,
1481 1225 1689 1293 quam
1720 1202 1951 1276 dicere
1992 1203 2169 1274 visus
2209 1215 2310 1274 est
2340 1205 2705 1278 Boeckhio
2721 1254 2746 1293 ,
2796 1216 2917 1276 aut

666 1308 1088 1400 Aeschylum
1128 1308 1447 1401 pluries·
1427 1329 1500 1376 ιιι
1538 1306 1843 1376 Siciliam
1892 1306 2281 1398 profectum
2333 1331 2476 1378 esse
2529 1318 2912 1379 statuemus.

666 1413 779 1484 Ac
805 1413 895 1483 de
927 1413 1104 1482 vitae
1128 1412 1458 1504 scriptore
1481 1430 1590 1479 res
1610 1410 1822 1502 plana
1849 1419 1966 1478 est.
2015 1409 2155 1483 Hic
2183 1413 2364 1480 enim
2386 1433 2520 1504 pro
2546 1412 2910 1484 Boeckhio
2950 1472 2955 1477 ,
3060 1494 3069 1498 ,

667 1516 843 1587 nihil
893 1517 1147 1611 probat
1160 1563 1182 1602 ,
1251 1536 1383 1608 pro
1447 1522 1681 1582 nostra
1764 1512 2090 1582 sententia
2161 1525 2633 1608 argumentum
2703 1539 2916 1608 prae·

666 1620 792 1690 bet
818 1620 1315 1713 gravissimum,
1365 1615 1920 1708 quandoquidem
1935 1664 1958 1703 ,
2006 1617 2129 1685 ut
2108 1639 2180 1685 m
2199 1619 2425 1710 prima
2452 1620 2963 1690 dissertatione

667 1724 1084 1793 ostendimus
1099 1770 1121 1809 ,
1170 1720 1421 1790 Furiae
1470 1713 1838 1819 σποράδην
1884 1720 2343 1808 introductae,
2395 1718 2562 1814 quas
2605 1745 2916 1795 comme-

667 1835 892 1897 morat
907 1876 930 1915 ,
990 1826 1082 1894 ad
1116 1824 1308 1893 istam
1347 1823 1650 1892 fabulam
1669 1870 1692 1909 ,
1743 1845 1949 1912 quam
1980 1823 2197 1895 hodie
2245 1848 2520 1917 quoque
2558 1825 2915 1914 habemus,
2962 1888 2967 1895 .

666 1924 1024 2029 pertinent.
1127 1927 1325 2012 Quae
1353 1927 1592 1996 fabula
1615 1948 1827 2015 quum
1853 1928 1925 1995 in
1956 1926 2063 1995 his
2086 1928 2169 1996 sit
2205 1929 2582 2022 tragoediis
2595 1975 2618 2016 ,
2670 1930 2914 2019 quibus

663 2031 1050 2123 Aeschylus
1098 2030 1375 2123 Olymp.
1428 2030 1707 2098 LXXX.
1755 2029 1825 2097 2.
1876 2031 2093 2100 victor
2137 2031 2302 2118 fuit,
2350 2055 2574 2123 neque
2605 2034 2916 2126 collapsa
2954 2092 2969 2099 ,

663 2137 966 2207 tabulata
991 2135 1083 2205 ad
1129 2133 1589 2204 Eumenidum
1615 2133 2154 2204 commissionem
2180 2081 2362 2205 trahi
2393 2134 2735 2228 poterunt,
2783 2160 2914 2206 ue·
2966 2198 2973 2203 .

662 2262 802 2332 que
829 2250 1041 2333 poeta
1068 2239 1138 2306 in
1165 2239 1464 2308 Siciliam
1510 2236 1787 2322 abiisse,
1839 2237 2032 2327 quod
2068 2239 2483 2309 Eumenides
2523 2262 2663 2308 non
2693 2240 2915 2310 stetis-

664 2352 815 2415 sent
829 2392 852 2431 ,
912 2332 1684 2431 iudicabitur.1taque
1722 2349 2062 2433 superest,
2109 2351 2190 2412 ut
2219 2343 2310 2412 de
2353 2365 2439 2412 eo
2482 2365 2912 2433 quaeramus,
2956 2404 2965 2411 .

662 2471 753 2519 au
781 2445 1159 2570 Aeschylus
1187 2445 1453 2538 saepius
1481 2445 1553 2513 in
1594 2442 1826 2514 Sicilia
1864 2444 2085 2514 fuerit.
2186 2445 2386 2532 Quae
2418 2469 2527 2516 res
2557 2464 2697 2537 quo
2734 2448 2917 2519 faci-
2958 2507 2967 2513 .

658 2552 794 2623 lius
828 2551 1128 2646 perspici
1178 2551 1420 2642 possit,
1476 2556 1796 2639 tempora
1836 2546 2167 2641 Aeschyli
2216 2571 2375 2622 cum
2420 2550 2580 2682 ipsis
2620 2549 2917 2644 scripto·
2974 2590 2989 2606 ι

661 2677 817 2726 rum
857 2654 1373 2727 dissensionibus
1423 2648 1823 2723 describam.

663 2804 951 2953 olymp.
1000 2858 1250 2930 anl.
1290 2856 1364 2928 4.
1415 2857 1628 2928 Natus
1705 2856 2118 2950 Aeschylus
2166 2860 2539 2932 secundnm
2613 2882 2957 2934 marmor-
3001 2931 3008 2936 .

1410 2962 1691 3031 Parium
1770 2963 1863 3030 ad
1942 2962 2226 3054 Olymp.
2304 2964 2584 3033 LXXII.
2682 2964 2751 3032 3.
2838 2972 2915 3033 et

1407 3063 1720 3134 LXXXI.
1756 3065 1827 3134 l.
1871 3089 1957 3137 ac
1999 3066 2342 3137 Suidam
2321 3090 2393 3137 m
2431 3090 2494 3137 v.
2522 3060 2911 3160 Αἰσχύλος.

663 3215 952 3313 Olymp.
1001 3217 1249 3289 LXIV.
1298 3215 1371 3287 4.
1422 3217 1564 3288 Hic
1634 3216 2014 3310 Aeschylus
2068 3221 2437 3295 secundum
2484 3221 2656 3327 alios
2717 3226 2915 3290 natus

1420 3330 1554 3408 est,
1604 3329 1683 3389 ut
1728 3322 1905 3391 infra
1941 3325 2346 3395 ostendetur.

660 3474 978 3609 Olymp
1019 3474 1235 3548 Lxx
1293 3473 1363 3545 l.
1393 3473 1798 3565 Aeschylus
1863 3499 2037 3546 anno
2089 3479 2323 3547 aetatis
2365 3477 2563 3547 XXV
2604 3476 2913 3554 fabulam
2972 3523 2985 3555 -,

1413 3579 1653 3666 docet,
1707 3579 1921 3653 Suida
1968 3590 2136 3651 teste
2182 3583 2250 3650 in
2286 3605 2352 3651 κ’.
2391 3576 2784 3672 Αἰσχύλος,
2839 3590 2913 3650 ει

1407 3676 1690 3773 quidem
1730 3692 1988 3752 certans
2019 3707 2177 3756 cum
2206 3683 2510 3771 Pratina,
2559 3694 2636 3752 ut
2673 3707 2755 3753 ex
2781 3704 2910 3755 eo-
2969 3759 2975 3764 ,

1408 3787 1572 3856 dem
1594 3786 1852 3855 Suida
1832 3810 1908 3855 ιιι
1949 3809 2014 3856 v.
2068 3786 2446 3885 Πρατίνας
2487 3787 2908 3880 intelligitur.

1406 3889 1735 3982 Gollapsa
1783 3900 1936 3960 sunt
1984 3892 2318 3978 tabulata,
2384 3891 2476 3961 ob
2528 3913 2732 3979 quem
2784 3913 2909 3971 ca-

1404 4016 1556 4061 sum
1653 3993 2007 4065 conditum
2091 4018 2235 4064 esse
2315 3992 2658 4063 theatrum
2740 3993 2911 4064 dicit

1407 4095 1690 4183 Suidas,
1741 4097 1928 4187 quod
1972 4097 2252 4188 quidem
2302 4119 2476 4191 opus
2521 4097 2910 4189 perfectum

1403 4190 1507 4268 εει
1568 4198 1847 4271 demum
1911 4202 2003 4270 ab
2064 4202 2390 4294 Lycurgo
2460 4210 2759 4287 oratore,
2825 4211 2912 4271 ut

1403 4301 1794 4395 Hyperides
1857 4304 2045 4404 apud
2094 4305 2456 4398 Apsinem,
2527 4328 2647 4375 seu
2710 4304 2951 4393 quis·
2962 4380 2986 4389 ἦ

1405 4405 1555 4496 quis
1615 4406 1816 4477 istum
1885 4388 1978 4479 de
2040 4416 2186 4506 arte
2245 4407 2588 4482 rhetorica
2654 4409 2909 4483 libram
