3325 5317
648 493 747 574 „4
1254 479 1257 484 ·
1324 519 1329 522 -
1426 483 1542 548 nr.
1591 479 2219 552 A’RcvMaan

699 657 748 759 ἦ
779 658 1028 758 νῆσος,
1079 654 1163 757 ἧς
1197 687 1287 735 το
1318 687 1399 735 ια
1439 655 1944 756 ἐκτεινόμενον
1976 657 2439 792 εὖρίσκεται
2459 679 2468 686 ’
2478 656 2922 786 εὑρίσκεται

657 780 664 785 “
702 764 782 839 δὲ
837 765 1433 857 συνεσταλμένον
1463 789 1664 864 παρα
1706 770 2110 863 ποιηταῖς,’
2147 792 2239 848 ως
2297 757 2502 865 napo?
2557 768 2923 865 Θεοκρίτῳ

699 859 888 1009 λόγῳ
947 860 1398 965 συνιζήσεως·

906 1006 982 1078 ἐν
1040 999 1197 1100 Δίᾳ
1248 1001 1628 1103 λασθῆμεν
1668 996 2252 1099 καλλιπλοκάμου
2301 996 2713 1105 Ἀριάδνης.

699 1139 829 1213 Ett
880 1131 1248 1222 κύτισσος·
1300 1167 1391 1216 το
1439 1169 1486 1215 υ
1521 1140 1999 1237 ἐκτεταμένον
2043 1140 2387 1238 φαίνεται
2416 1165 2565 1240 παρ
2643 1134 2874 1239 αυτῷ,

903 1276 1021 1359 αἲξ
1046 1269 1182 1351 τᾶν
1217 1269 1599 1367 κύτισσον,
1653 1274 1698 1351 ὁ
1724 1270 1934 1360 λύκος
1964 1272 2111 1352 τοῖν.
2147 1274 2319 1372 αἶγα
2349 1272 2610 1353 διώκει.

659 1500 662 1504 ,
692 1415 874 1484 Nam
903 1412 1049 1504 quis
1083 1411 1210 1481 sibi
1250 1412 1690 1504 persuadeat,
1747 1424 2047 1484 veterem
2076 1415 2491 1504 doctumque
2529 1412 2925 1507 grammati-

693 1539 854 1588 cum
895 1527 1035 1585 tam
1084 1518 1415 1609 corruptis
1447 1516 1808 1606 Theocriti
1860 1519 2206 1589 codicibus
2249 1542 2443 1588 usum
2489 1542 2663 1604 esse,
2715 1537 2927 1606 quum

691 1642 872 1690 nunc
898 1618 1006 1687 isti
1033 1633 1260 1690 versus
1274 1670 1297 1705 ,
1346 1620 1433 1697 Π.
1461 1618 1584 1687 46.
1627 1622 1712 1690 Χ.
1749 1620 1869 1690 30.
1912 1622 1982 1691 ἰιι
2012 1623 2318 1712 omnibus
2362 1622 2544 1690 libris
2588 1610 2926 1690 emendati

690 1721 1017 1792 exstent?.
1040 1722 1247 1792 Haec'
1265 1722 1476 1816 igitur
1509 1746 1646 1792 non
1677 1724 1960 1792 dubium
1991 1724 2254 1796 videtur
2288 1713 2450 1814 quin
2496 1724 2922 1792 additamen-

686 1836 761 1895 ta
799 1826 927 1893 siut
949 1827 1400 1896 recentiorum
1435 1828 2059 1919 grammaticorum:
2102 1899 2105 1904 ,
2162 1829 2280 1917 qui
2309 1852 2483 1917 quae
2512 1828 2635 1897 sibi
2674 1828 2746 1895 in
2787 1828 2920 1895 suis

568 2001 573 2012 ,
687 1927 1040 2000 codicibus
1069 1930 1559 2016 occurrebant,
1612 1930 1703 1997 ad
1746 1931 2120 2023 marginem
2158 1931 2496 2001 Draconei
2525 1931 2680 1999 libri
2704 1930 2924 1998 adno-

685 2033 951 2117 tabant,
1002 2053 1143 2121 quo
1188 2032 1298 2103 vel
1344 2034 1799 2154 corrigerent,
1851 2057 2027 2124 quae
2068 2033 2187 2104 hic
2218 2034 2526 2119 dixisset,
2574 2034 2688 2102 vel
2721 2034 2923 2103 etiam

624 2155 631 2164 ·
686 2136 1180 2206 confirmarent.
1283 2135 1446 2208 Hoc
1476 2137 1530 2205 si
1558 2137 1628 2205 in
1656 2136 1764 2205 his
1803 2137 1975 2208 locis
2014 2138 2273 2207 factum
2301 2146 2399 2206 est
2414 2185 2435 2223 ,
2485 2105 2651 2227 quid
2697 2138 2925 2227 impe-

685 2238 819 2325 dit,
877 2260 1016 2328 quo
1057 2240 1276 2310 minus
1304 2241 1507 2312 etiam
1552 2240 1622 2309 in
1662 2240 1796 2309 illis
1840 2241 2098 2311 factum
2133 2250 2493 2333 statuamus
2509 2289 2529 2326 ,
2583 2242 2652 2308 in
2680 2239 2922 2328 quibus

683 2339 957 2433 Orphei
991 2343 1246 2413 mentio
1290 2341 1400 2411 fit.
1386 2343 1418 2393 Ρ
1480 2346 1707 2434 Atque
1750 2366 2001 2437 operae
2040 2337 2335 2436 pretium
2380 2353 2514 2429 est,
2579 2342 2755 2411 hos’
2736 2366 2923 2435 lpsos

680 2444 877 2515 locos
926 2446 1351 2517 considerare
1391 2446 1795 2538 diligentius.
1896 2448 2115 2541 Igitur
2148 2444 2386 2518 Draco
2430 2469 2639 2537 quum
2680 2448 2768 2514 in
2795 2468 2924 2515 vo-

681 2550 931 2618 cabulo
984 2551 1237 2643 Θέμις
1252 2550 1524 2640 regulas
1566 2551 2004 2639 exposuisset,
2071 2552 2442 2619 secundum
2483 2573 2646 2637 quas
2678 2547 2924 2641 geniti-

679 2673 923 2719 vorum
958 2652 1032 2717 in
1075 2653 1226 2730 ιδος
1265 2650 1706 2753 desinentium
1746 2652 1857 2718 alii
1910 2650 2469 2742 producerentur,
2538 2653 2654 2719 alii
2707 2651 2919 2722 corri-

631 2759 1048 2845 operentur,
1103 2750 1196 2817 ita
1233 2753 1495 2842 pergit.
1566 2747 1639 2825 οἱ
1679 2749 1982 2873 ποιηται
2036 2753 2113 2825 δὲ
2156 2781 2202 2850 η
2246 2755 2753 2848 προςτιθέντες
2797 2745 2923 2827 δια

682 2883 774 2930 το
829 2855 1104 2949 μέτρον
1149 2855 1614 2926 συστέλλουσι
1665 2880 1754 2925 το
1801 2883 1831 2925 ι
1846 2908 1874 2943 ,
1941 2855 2426 2954 Ιποταμηῖδος.
2492 2854 2924 2957 πηγασηῖδος

557 3047 562 3056 ὁ
685 2958 1011 3051 λέγοντες
1040 2950 1222 3028 ὅθεν
1253 2948 1417 3027 καὶ’
1427 2947 1716 3052 Ορφευς
1758 2960 1835 3029 ἐν
1877 2952 2503 3054 Ἀργοναυτικοῖς,

870 3096 1317 3190 λαιψηροῖσι
1348 3085 1692 3165 ποδεσσιν
1735 3088 1918 3191 υπὲρ
1950 3097 2387 3188 παγασηΐδος
2418 3089 2661 3185 οἷκτας,

687 3159 855 3302 ἀντὶ
896 3226 1045 3302 τοῦ·
1066 3225 1489 3320 »παγασίδοᾳ
1594 3227 1893 3297 Easdem
1933 3225 2204 3320 regulas
2244 3228 2483 3298 iisdem
2513 3229 2923 3318 plane'ver»

683 3327 789 3399 bis
804 3378 826 3417 ,
908 3329 964 3398 si
1021 3352 1064 3396 a
1115 3329 1463 3398 levissimis
1519 3331 1920 3419 quibusdam
1985 3330 2461 3400 mutationibus
2522 3330 2924 3421 discesseris,

683 3443 1031 3521 tamquam
1087 3431 1235 3505 τοῖν
1289 3434 1738 3530 λογιωτέρων
1801 3435 2194 3503 sententiam
2263 3432 2537 3501 exhibet
2597 3433 2668 3500 in
2715 3437 2923 3506 tertio
2985 3495 3010 3506 „

683 3535 1171 3630 grammaticae
1223 3535 1403 3603 libro
1448 3534 1917 3606 Constantinus
1963 3533 2298 3621 Lascaris,
2366 3535 2582 3604 homo
2626 3535 2950 3629 diligflna-
3079 3519 3090 3528 ’

682 3640 968 3709 tissimus
982 3687 1002 3724 ,
1038 3711 1057 3724 ⁸
1078 3638 1262 3707 cuius
1303 3640 1744 3731 grammatica
1762 3691 1782 3728 ,
1851 3638 1942 3707 de
2007 3661 2144 3727 qua
2205 3638 2410 3707 etiam·
2438 3641 2925 3730 praestantissi—

656 3764 873 3814 .mum
900 3742 1314 3832 Heerenium
1341 3742 1628 3830 iniquius
1652 3742 1953 3814 iudicare
1976 3742 2220 3830 miror,
2273 3743 2367 3810 ob
2393 3741 2469 3810 id
2496 3741 2718 3832 ipsum
2749 3742 2921 3833 plu-

681 3846 836 3913 rimi
867 3844 1180 3913 facienda
1230 3854 1357 3932 est,
1408 3844 1597 3935 quod
1624 3845 1807 3912 bona
1848 3846 1986 3912 eius
2025 3867 2182 3935 pars
2224 3867 2307 3913 ex
2334 3844 2710 3914 Herodiani
2737 3846 2922 3917 alio-

582 3955 640 3999 &
682 3969 971 4037 rumque
1018 3949 1281 4038 scriptis
1314 3948 1908 4041 grammaticorum
1943 3949 2230 4019 collecta
2262 3956 2392 4017 est.
2438 3951 2920 4042 permultaque

580 4128 584 4132 ,
682 4051 756 4119 iu
801 4074 882 4119 ea
926 4050 1380 4170 reperiuntur,
1448 4075 1625 4141 quae
1661 4051 1946 4121 totidem
1986 4052 2210 4121 verbis
2257 4076 2300 4120 a
2338 4051 2653 4122 Dracone
2693 4052 2918 4120 adno-

682 4162 826 4222 tata
892 4161 1076 4240 suut,
1165 4154 1350 4225 cuius
1404 4155 1682 4244 quidem
1739 4157 1987 4225 librum
2029 4178 2134 4224 an
2193 4156 2544 4249 cognitum
2602 4145 2932 4224 habuerit*

683 4247 988 4325 Lascaris
1002 4303 1023 4341 ,
1073 4255 1402 4325 incertum
1446 4268 1578 4343 est,
1646 4278 1856 4348 quum
1870 4308 1892 4346 ,
1955 4256 2076 4327 ubi
2117 4260 2594 4353 grammaticos
2633 4277 2917 4326 enume—

680 4368 789 4427 rat
802 4407 828 4446 ‚
881 4381 921 4427 e
947 4380 1237 4449 quorum
1265 4362 1523 4452 scriptis
1550 4360 1880 4448 hauserit,
1930 4364 2001 4431 in
2035 4361 2178 4430 hoe
2205 4386 2455 4456 genere
2472 4408 2494 4447 ,
2551 4360 2740 4451 quod
2762 4361 2916 4427 me·-

683 4471 790 4531 tra
831 4470 900 4532 et
950 4483 1328 4533 mensuram
1382 4466 1796 4556 syllabarum
1852 4465 2321 4558 complectitur
2336 4513 2358 4555 ,
2434 4474 2707 4558 praeter
2757 4461 2914 4532 He·-
