3325 5317
1072 449 1715 514 mssERTATlo
1765 450 1838 512 11.
1941 500 1944 505 .
2454 453 2584 523 1⁵⁰

337 624 649 698 docuisse
695 623 1018 697 credibile
1066 632 1199 710 est,
1266 623 1434 715 quid
1473 622 1664 693 aliud
1712 644 1918 713 quam
1961 619 2266 693 Athenas
2308 621 2583 693 redierit

340 750 616 801 necesse
655 732 752 797 est
768 777 789 815 ,
852 730 1086 820 ibique
1130 728 1338 799 fuerit
1389 725 1675 818 Olymp.
1713 727 1989 796 Lxxx.
2037 725 2108 801 2.
2159 747 2372 816 quum
2410 749 2584 819 age-

339 843 526 903 retur
568 830 851 901 Orestea
867 880 889 918 ,
949 825 1192 923 postea
1234 840 1464 901 autem
1503 853 1731 899 rursus
1773 831 1845 898 in
1881 830 2182 900 Siciliam
2225 852 2300 898 se
2339 840 2582 899 contu-

337 939 528 1023 lerit,
592 935 712 1004 ubi
752 934 1034 1026 Olymp.
1080 935 1390 1005 LXXXI.
1438 933 1509 1002 1.
1568 947 1875 1004 mortuus
1925 941 2023 1003 est
2044 934 2078 1001 Ρ
2137 930 2583 1008 Coniecturae
2701 984 2707 991 .

336 1064 467 1135 per
496 1063 569 1109 se
599 1039 943 1131 probabili
978 1038 1189 1107 fidem
1222 1039 1385 1108 facit
1407 1039 1463 1106 is
1479 1085 1500 1124 ,
1554 1037 1674 1127 qui
1702 1037 1913 1106 vitam
1935 1035 2262 1126 Aeschyli
2289 1037 2584 1130 scripsitt

336 1145 461 1235 qui
505 1165 720 1235 quum
763 1141 1185 1232 Aeschylum
1230 1141 1445 1229 dicat,
1508 1149 1872 1232 postquam
1915 1140 1989 1208 in
2012 1140 2320 1214 Siciliam
2364 1140 2585 1211 venis-

345 1256 488 1332 set,
542 1238 980 1342 ἐπιζήσαντα
1010 1243 1268 1342 eph-ov
1310 1247 1471 1326 ἔτος
1507 1244 1692 1315 diem
1734 1244 2011 1330 obiisse,
2061 1242 2444 1335 planissime
2470 1267 2584 1312 ra-
2733 1263 2759 1297 “

341 1353 558 1421 tiones
605 1357 860 1417 nostras
905 1349 1329 1439 comprobat.
1431 1348 1612 1417 Nam
1658 1349 1714 1416 si
1758 1355 1920 1439 post
1960 1356 2184 1417 actam
2229 1345 2588 1418 oreeeam

334 1455 412 1523 iu
436 1451 740 1524 Siciliam
784 1451 947 1521 abiit
982 1449 1364 1541 Aeschylus
1380 1498 1403 1537 ,
1452 1459 1586 1519 tres
1621 1451 1713 1519 ab
1761 1473 1848 1521 eo
1887 1459 2203 1541 tempore
2237 1449 2395 1519 anni
2433 1457 2587 1520 sunt
2700 1490 2711 1500 ·

335 1578 552 1647 usque
609 1555 700 1624 ad
750 1562 1044 1623 mortem
1105 1554 1266 1624 eius.
1380 1556 1475 1624 At
1539 1553 1859 1644 repudiat
1931 1552 2120 1624 hunc
2180 1556 2584 1646 scriptorem

339 1657 736 1731 Boeckhius
752 1704 774 1744 ,
822 1667 1168 1747 tamquam
1195 1666 1539 1727 auctorem
1573 1680 1819 1750 parum
1853 1657 2196 1728 idoneum.
2245 1656 2587 1750 Aeschyli

340 1764 539 1834 vitae
578 1752 998 1855 scriptorem
1014 1809 1037 1848 ,
1103 1762 1319 1850 inquit
1356 1785 1429 1852 p.
1470 1757 1594 1830 5⁰.
1637 1769 1792 1831 tam
1820 1782 2098 1855 pamm
2141 1769 2595 1846 crematum,

343 1869 468 1961 qui
531 1886 717 1952 anno
768 1865 1031 1934 aetatis
1095 1864 1324 1937 LXV.
1390 1862 1674 1951 obiisse,
1753 1887 1941 1936 anno
1987 1885 2158 1935 vero
2205 1864 2456 1935 LXII.
2510 1865 2585 1933 in

338 1969 668 2042 Siciliam
710 1968 815 2038 ad
843 1967 1231 2038 Hieronem
1272 1968 1545 2036 venisse
1574 1967 2014 2059 Aeschylum
2066 1967 2329 2055 tradit,
2376 1990 2586 2038 nemo

323 2068 726 2169 postulabit
798 2079 878 2142 ut
941 2078 1071 2141 met
1138 2070 1534 2140 distinctius
1588 2069 2016 2164 refittemus,
2117 2078 2248 2141 aut
2302 2071 2455 2141 eius
2508 2072 2583 2140 in

333 2174 795 2248 subducendo
872 2172 1154 2244 calculo
1214 2174 1565 2243 rationem
1628 2173 2024 2244 habeamus
2075 2175 2579 2269 praec‘wuam.

333 2280 693 2366 Quaenam
728 2299 895 2347 vero
938 2285 1104 2346 suut.
1124 2277 1247 2346 illa
1262 2323 1283 2362 ,
1346 2299 1525 2367 quae
1566 2285 1645 2346 ut
1684 2295 1931 2369 parum
1970 2285 2287 2350 accurate
2331 2277 2583 2346 tradita

331 2382 615 2473 culpat?
662 2382 910 2479 Primo·
942 2404 1014 2473 p.
1049 2379 1173 2448 49.
1209 2378 1631 2471 Aeschylum
1672 2381 2048 2451 secundum
2086 2382 2266 2452 vitae
2289 2381 2579 2473 scripto-

330 2510 479 2556 rem
513 2508 604 2554 ne
655 2485 952 2577 attigisse
994 2482 1272 2571 quidem
1328 2482 1496 2553 dicit
1538 2482 1970 2576 Olympiadis
2011 2484 2288 2554 LXXX.
2331 2507 2579 2555 annum

331 2587 725 2660 secundum.
761 2646 768 2663 ‚
827 2588 924 2656 At
952 2609 1282 2675 nusquam
1322 2585 1465 2657 hoc
1494 2587 1617 2656 ille
1647 2587 1832 2655 dixit.
1854 2596 1877 2603 “
1934 2589 2268 2657 Nimirum
2295 2588 2392 2656 itu
2422 2611 2579 2657 eum

335 2693 739 2763 existimasse
774 2713 858 2760 ex
903 2713 994 2785 eo⁸
1030 2689 1299 2782 colligit
1329 2690 1756 2777 BoeckhiuS,
1795 2690 1988 2780 quod
2013 2692 2438 2783 Aeschylum
2484 2691 2578 2759 ad

333 2795 708 2865 Hieronem
722 2843 745 2880 ,
824 2793 942 2884 qui
1001 2801 1302 2862 mortuus
1345 2802 1446 2863 est
1502 2791 1784 2886 Olymp.
1814 2794 2194 2864 LXXVIII.
2227 2794 2297 2863 2.
2336 2794 2579 2887 profe*-

335 2907 524 2970 ctum
565 2921 745 2984 esse,
823 2906 893 2966 et
942 2897 1144 2966 tertio
1197 2904 1356 2989 post
1411 2920 1627 2984 anno,
1708 2919 1922 2989 quum
1978 2920 2227 2968 annum
2291 2897 2579 2969 haberet

333 2996 553 3088 LXV,
609 3001 909 3089 ideoque
976 2998 1070 3067 ad
1113 3023 1449 3070 summum
1492 2998 1775 3094 olymp.
1825 3001 2137 3071 LXXIX.
2198 3001 2268 3070 1.
2330 3003 2578 3072 obiisse

328 3114 576 3179 narret.
690 3104 880 3189 Quid
942 3124 1145 3190 vero,
1223 3104 1318 3190 si,
1395 3105 1622 3196 quod1
1665 3105 1931 3176 factum
1989 3126 2134 3176 esse
2188 3106 2369 3176 infra
2429 3118 2664 3198 &tp-22
2742 3118 2747 3125 ’

331 3209 635 3302 parebit,
713 3209 893 3276 vitae
950 3207 1241 3299 scriptor
1256 3254 1278 3296 ,
1346 3207 1646 3278 diversos
1703 3217 2013 3278 auctores
2069 3219 2422 3300 sequutus,
2491 3231 2576 3279 ex

317 3313 471 3382 ‘alio
503 3309 691 3380 aliod
717 3311 1106 3382 adnotavit?
1154 3312 1333 3381 Nam
1362 3311 1618 3383 etiamsi
1642 3311 1918 3383 codices
1945 3335 2084 3383 non
2122 3314 2572 3398 ostenderent,

331 3416 524 3485 mhi·
546 3415 727 3486 hanc
764 3416 976 3484 vitam
1014 3415 1138 3483 nisi
1184 3415 1598 3508 farraginem
1631 3416 2171 3510 fragmentorum
2213 3438 2376 3507 eme,
2427 3417 2575 3506 quis

332 3520 886 3615 gramaticam,
951 3518 1071 3609 qui
1116 3526 1256 3587 tam
1299 3542 1522 3611 pauca
1564 3519 1655 3588 de
1696 3519 2087 3611 Aeschylo,
2169 3538 2389 3611 eaque
2428 3528 2571 3586 tam

335 3623 618 3694 confuse
658 3623 907 3714 scripta
934 3621 1315 3712 reliquerit,
1363 3644 1523 3709 non,
1574 3622 1911 3713 quidquid
1951 3623 2073 3694 hic
2103 3622 2255 3694 illic
2271 3621 2568 3714 legisset,
2628 3681 2636 3693 .

333 3726 662 3795 adnotare
703 3726 854 3794 satis
883 3724 1196 3794 habuisse
1210 3773 1232 3812 ,
1283 3725 1405 3826 sed
1428 3744 1759 3816 quaerere
1785 3727 1877 3795 de
1908 3726 2019 3795 his
2046 3728 2248 3796 rebus
2274 3725 2572 3820 diligen·-

330 3833 466 3906 tius
480 3877 502 3917 ,
554 3838 624 3899 et
669 3830 759 3898 ad
789 3828 1282 3922 olympiadum
1320 3841 1530 3898 annos
1555 3829 1823 3923 singula
1856 3824 2243 3922 expendere
2287 3839 2405 3899 aut
2442 3848 2572 3900 vo-

330 3932 534 4005 luisse
560 3940 676 4002 aut
699 3934 995 4025 potuisse
1017 3933 1301 4002 eredat?
1355 3934 1653 4002 Tantum
1688 3954 1858 4027 ergo
1892 3935 2104 4020 abest,
2151 3943 2229 4006 ut
2240 3929 2571 4027 Musgra-

329 4036 516 4107 vium
569 4036 1074 4128 reprehendere
1116 4034 1428 4106 debuerit
1460 4037 1884 4124 Boeckhiue,
1956 4038 2148 4129 quod
2197 4036 2570 4110 secundum

327 4140 509 4210 vitae
545 4141 947 4233 scriptorem
999 4149 1316 4232 tempore
1357 4160 1637 4234 pugnae
1692 4140 2100 4213 Salaminiae
2151 4132 2569 4233 Aeschylum

330 4244 783 4338 quadraginta
805 4264 1011 4315 annos
1040 4244 1355 4314 habuisse
1384 4246 1743 4332 censuerit,
1793 4255 1870 4315 ut
1897 4249 2139 4341 magis,
2171 4246 2296 4316 nisi
2329 4247 2449 4314 illa
2475 4243 2567 4312 de
2699 4278 2704 4284 ·
2813 4214 2818 4222 ’

328 4347 433 4419 bis
484 4348 649 4419 actis
701 4349 1189 4419 Eumenidibus
1234 4350 1556 4443 opinione
1607 4349 2048 4443 praepeditus
2097 4351 2362 4436 fuisset,
2427 4358 2581 4415 non*

326 4453 653 4547 potuisset
688 4476 828 4524 non
875 4455 1175 4547 probare
1230 4454 1518 4526 rationes
1572 4452 1979 4550 Musgravii,
2060 4455 2254 4530 unius
2304 4458 2565 4521 tantum
