3325 5317
672 491 679 498 ·
804 476 1294 540 sennoms
1356 453 1838 542 ΗοιιΕιιιοι
1888 477 2102 543 mss,
2142 480 2188 542 1.
2535 483 2629 559 κο

387 648 677 720 iusmodi
713 650 1100 741 exemplum
1143 657 1354 718 exstat
1403 676 1465 723 ο.
1507 646 1684 727 595.
1729 676 1810 722 33.
1939 652 2052 722 Ex
2090 651 2250 773 hac
2269 651 2619 780 significan
2629 658 2716 723 1³

386 754 568 822 tione
606 753 1040 845 explicandus
1070 753 1522 824 conjunctivus
1559 755 1697 825 Od.
1721 765 1795 839 ξ.
1832 753 2005 824 32Ί.
2045 749 2178 829 το“ν
2212 751 2286 829 δ’
2333 762 2402 837 ἐς
2443 756 2623 830 Λω-

389 851 614 976 δῶνην
676 851 872 950 φάτο
914 850 1274 951 βήμεναι,
1330 854 1527 953 ὄφρα
1568 863 1783 932 θεοῖο
1826 861 1901 932 ἐκ
1956 850 2184 951 δρυός
2220 850 2621 952 υψικόμοιο

390 953 575 1040 Διός
635 952 907 1054 βουλήν
981 952 1414 1042 ἐπακούσαι,
1497 958 1740 1041 ὅππως
1809 953 2123 1083 νοστήσῃ
2195 953 2484 1058 Ἰθάκης
2554 963 2625 1042 ἐς

386 1059 605 1135 πίονα
668 1061 925 1155 δῆμον.
1039 1059 1242 1129 Certe
1299 1062 1656 1152 vulgatum
1736 1057 2051 1159 νοστήσῃ
2130 1074 2426 1153 praestat
2512 1082 2621 1147 eo,

386 1163 576 1253 quod
644 1163 934 1240 Wolfius
1011 1162 1236 1250 dedit,
1330 1159 1688 1262 νοστήσει.
1791 1163 1934 1233 Sed
2005 1165 2125 1233 ubi
2184 1164 2364 1235 haec
2417 1188 2622 1256 repe·

382 1275 611 1336 tuntur
625 1313 646 1350 ‚
705 1262 987 1338 ,2.96
1049 1288 1322 1357 prorsus
1371 1265 1462 1334 de
1522 1291 1714 1336 more
1777 1268 2100 1359 scriptum
2159 1278 2257 1336 est
2270 1317 2291 1355 ‚
2378 1265 2621 1349 ὅππως

382 1362 758 1465 νοστήσειε
832 1367 1043 1466 φίλην
1105 1374 1173 1449 ἐς
1244 1368 1566 1462 πατρίδα
1658 1377 1893 1464 γαῖαν.
1957 1433 1968 1438 -
2053 1369 2327 1439 Eodem
2406 1369 2618 1437 modo

382 1472 662 1539 fortasse
722 1471 835 1538 alii
893 1493 1170 1562 quoque
1211 1472 1650 1559 coniunctivi,
1719 1482 1794 1542 ut
1841 1472 2037 1542 Iliad.
2081 1480 2154 1566 β.
2207 1472 2279 1542 4.
2339 1471 2621 1544 defendi

377 1581 716 1666 poterunt.

583 1678 896 1766 Denique
922 1678 1553 1748 commemorandus
1579 1687 1677 1747 est
1714 1679 1770 1746 is
1800 1677 2201 1748 coniunctivi
2238 1701 2424 1765 usus,
2475 1701 2616 1769 quo

381 1780 500 1849 hic
537 1781 782 1849 modus
808 1781 996 1871 apud
1026 1782 1409 1850 Homerum
1439 1782 1646 1850 etiam
1676 1781 1856 1857 solus
1889 1803 2020 1873 per
2057 1804 2131 1850 se
2159 1782 2366 1852 futuri
2404 1782 2612 1874 sig-ni·-

377 1884 760 1953 ficationem
804 1881 1037 1956 habet.
1154 1884 1292 1969 Qui
1345 1908 1502 1954 usus
1546 1884 1943 1952 derivandus
2007 1893 2105 1953 est
2148 1905 2232 1953 ex
2275 1886 2617 1978 significa-

380 1988 563 2055 tione
620 1986 990 2064 dubitativa
1003 2035 1025 2073 ,
1104 2010 1310 2076 quam
1352 1988 1422 2055 in
1469 1988 1896 2058 coniunctiv'o
1919 2033 1926 2040 -
1949 2009 2094 2057 esse
2133 1988 2287 2056 satis
2336 1997 2615 2060 constat.

382 2091 508 2159 Est
550 2099 776 2158 autem
827 2088 1006 2159 haec
1046 2090 1445 2182 significatio
1487 2090 1764 2181 duplex.
1864 2092 2043 2158 Nam
2084 2100 2206 2158 aut
2237 2092 2309 2159 in
2351 2114 2436 2161 eo
2465 2113 2616 2161 cer-

380 2193 558 2261 nitur
571 2241 593 2279 ‚
658 2191 849 2282 quod
894 2191 1240 2285 agendum
1277 2194 1396 2279 sit,
1477 2216 1683 2283 quam
1721 2191 2231 2262 deliberativam
2273 2194 2620 2286 significa-

378 2297 633 2365 tionem
673 2296 951 2364 dixeris:
1016 2319 1229 2385 eaque
1272 2296 1614 2365 Homerus
1636 2345 1658 2381 ‚
1723 2296 1976 2386 pariter
2026 2318 2109 2366 ac
2147 2298 2398 2368 caeteri
2449 2297 2616 2367 scri-

379 2408 610 2490 ptores
623 2447 645 2485 ‚
693 2408 953 2467 tantum
989 2400 1061 2467 in
1096 2399 1321 2490 prima
1351 2422 1642 2490 persona
1681 2399 1819 2467 sive
1862 2399 2213 2490 singularis
2266 2400 2405 2470 sive
2450 2402 2615 2491 plu-

379 2504 534 2571 ralis
579 2502 840 2570 numeri
884 2500 1120 2586 utitur,
1187 2502 1373 2571 cuius
1413 2502 1512 2571 rei
1555 2502 1883 2569 rationem
1942 2501 2076 2569 alio
2131 2501 2293 2572 loco
2333 2504 2615 2595 aperui;

342 2616 495 2674 aut
552 2614 815 2697 spectat
868 2605 959 2673 ad
1017 2604 1088 2672 id
1104 2653 1125 2691 ‚
1192 2603 1381 2694 quod
1430 2605 1514 2673 sit
1572 2605 1684 2672 vel
1727 2605 1879 2689 fiat,
1945 2626 2152 2693 quam
2191 2606 2615 2676 coniectura-

379 2710 515 2777 lem
558 2707 895 2800 appellari
937 2706 1203 2792 licebit,
1274 2730 1409 2796 qua
1452 2708 1794 2780 Homerus
1842 2708 1913 2776 in
1963 2708 2274 2778 omnibus
2309 2710 2613 2801 personis

378 2813 600 2880 utitur.
702 2812 1005 2899 Vtraque
1051 2833 1188 2880 non
1232 2811 1484 2899 ubique
1539 2810 1855 2880 eamdem
1908 2810 2046 2878 vim
2095 2809 2320 2881 habet.
2432 2815 2611 2882 Nam

377 2925 452 2985 ut
498 2917 570 2983 in
617 2916 925 2986 omnibus
961 2914 1210 3006 ling-uis
1254 2915 1499 3000 multa,
1551 2936 1730 3003 quae
1767 2922 2114 3002 tamquam
2143 2914 2398 2984 incerta
2438 2938 2610 3007 pro-

376 3019 715 3102 feruntur,
712 3041 723 3048 ⁴
777 3019 872 3086 ita
913 3017 1049 3087 dici
1095 3017 1346 3102 solent,
1409 3026 1484 3085 ιιι
1524 3018 1748 3108 potius
1783 3019 2074 3087 maxime
2124 3016 2446 3087 affirmari
2500 3020 2609 3090 in-

376 3122 803 3214 telligantur‚
870 3120 966 3190 ita
1019 3119 1206 3190 idem
1238 3120 1582 3192 Graecis
1562 3144 1634 3188 ιιι
1664 3120 2088 3190 coniunctivo
2113 3119 2418 3194 videmus
2447 3122 2607 3214 pla-

376 3225 981 3313 cuisse.1taque
1043 3247 1253 3313 quum
1315 3227 1537 3319 ἴωμεν
1614 3224 1896 3316 proprie
1973 3223 2333 3294 dubitantis
2410 3235 2604 3311 esset,

375 3327 626 3397 deinde
702 3327 794 3396 ad
866 3327 1409 3398 adhortationem
1475 3327 1962 3417 decretumque
2033 3328 2424 3397 translatum
2484 3339 2604 3405 est.

374 3430 645 3501 Eodem
684 3431 893 3523 igitur
920 3431 1132 3500 modo
1176 3433 1246 3500 in
1281 3431 1402 3499 illa
1458 3431 1894 3504 coniecturali
1933 3430 2422 3522 significatione
2456 3433 2607 3551 pri-

374 3556 491 3603 mo
531 3534 861 3604 incertum
900 3535 1300 3627 intelligitur
1342 3535 1663 3604 futurum.
1765 3533 2286 3605 Telemachus
2267 3557 2336 3601 m
2377 3535 2603 3626 primo

370 3637 548 3706 libro
584 3636 934 3727 Odysseae
949 3689 970 3726 ,
1020 3639 1141 3707 ubi
1184 3659 1323 3707 non
1360 3636 1683 3710 affectare
1711 3662 1785 3708 se
1813 3660 2102 3730 regnum
2131 3636 2328 3722 dicit,
2379 3659 2604 3726 quon-

373 3741 509 3809 iam
549 3741 746 3810 multi
787 3740 914 3809 sint
957 3741 1027 3809 in
1069 3740 1309 3811 Ithaca
1357 3741 1483 3811 viri
1530 3742 1799 3835 generis
1840 3741 2187 3816 nobilitate
2231 3741 2601 3832 conspicui,

219 3901 233 3925 ,
372 3844 638 3914 subiicit
673 3867 736 3912 v.
790 3842 961 3913 396.
1021 3843 1170 3917 τῶν
1204 3846 1325 3918 κέν
1366 3871 1479 3925 τις
1508 3841 1677 3919 τόδ’
1711 3847 1991 3939 ἔχῃσιν,
2044 3839 2197 3917 ἐπεὶ
2232 3836 2421 3917 θάνε
2454 3849 2605 3925 δῖος

370 3939 776 4027 Ὀδυσσεύς.
826 3946 946 4024 Sic
986 3947 1188 4016 etiam
1227 3951 1291 4021 δ.
1335 3944 1512 4021 691.
1543 3946 1593 4043 ἦ
1630 3942 1706 4020 τ’
1751 3944 1904 4019 ἐστὶ
1938 3941 2093 4043 δίκη
2118 3943 2343 4020 θείων
2372 3954 2602 4040 βασι-

370 4043 603 4145 λήων,
670 4046 890 4122 ἄλλον
939 4045 1013 4144 ρι’
1072 4046 1461 4146 ἐχθαίρῃσι
1519 4048 1850 4145 βροτῶν,
1925 4045 2147 4121 ἄλλον
2191 4075 2272 4121 κε
2329 4048 2598 4148 φιλοίη.

367 4149 550 4224 Vide
598 4151 791 4219 Iliad.
832 4159 931 4245 β..
953 4149 1129 4221 488.
1179 4150 1317 4221 od.
1361 4159 1436 4245 β.
1476 4150 1649 4220 333.
1692 4154 1756 4225 δ.
1798 4147 1970 4224 240.
2012 4177 2075 4224 ν.
2095 4148 2282 4220 215.
2381 4153 2604 4222 Inter-

369 4252 537 4323 dum
576 4276 757 4346 pene
801 4254 974 4324 nihil
1006 4279 1049 4324 a
1085 4254 1377 4345 simplici
1411 4254 1641 4323 futuro
1673 4252 1931 4340 differt,
1981 4262 2057 4322 ιιι
2092 4254 2286 4323 Iliad.
2324 4281 2399 4328 π.
2425 4253 2598 4323 129.

366 4354 491 4426 od
548 4384 630 4450 μ.
673 4354 848 4432 383.
898 4357 1044 4427 Sed
1073 4380 1277 4450 saepe
1317 4357 1531 4427 habet
1556 4357 1909 4427 fortiorem
1944 4358 2310 4446 quamdam
2340 4359 2479 4427 vim
2516 4381 2599 4428 ac

363 4458 701 4546 futurum,
750 4461 846 4531 ita
886 4460 1213 4552 uacuam
1249 4485 1293 4531 a
1330 4461 1559 4532 futuro
1605 4462 2088 4556 distinguatur3
2140 4459 2279 4534 od.
2309 4486 2385 4533 π.
2416 4459 2596 4555 437.
