3325 5317
1224 287 1252 330 Ι

862 488 1374 553 THESAVRI
1406 491 2056 556 STEHPANIANI
2452 498 2583 562 248

547 651 782 759 τήκων
833 634 1104 758 αἰθέρα
1156 668 1409 753 θεῖον,
1478 659 1823 789 οἷκίνητόν
1872 692 2009 761 περ
2073 660 2334 758 ἐόντα,
2428 761 2439 770 κ

549 764 933 885 ἐξανέφηνε
984 772 1187 845 θεοῖς
1248 793 1443 862 ωραν
1494 761 1881 842 κάλλιστον
1933 770 2271 858 ἰδέσθαι,

542 864 629 939 ὃν
682 859 772 964 δή
823 866 951 940 νῦν
1000 869 1339 942 καλέουσι
1394 863 1699 969 Φάνητά
1752 900 1836 945 τε
1885 871 2004 945 καί
2055 866 2449 948 Διόνυσον

331 1065 766 1198 Stephanum
812 1079 1189 1139 memorant
1231 1071 1303 1139 in
1332 1072 1536 1142 Poesi
1586 1072 1784 1165 epica
1833 1074 2104 1170 αἰθέρα
2156 1077 2350 1161 δῖον,
2402 1071 2671 1149 dxl-19

333 1175 584 1267 νητῠν
609 1171 784 1268 πρὶν
834 1167 1053 1246 ἐόντα
1074 1228 1103 1262 ,
1184 1173 1463 1245 habere.
1590 1176 1673 1245 In
1749 1176 2185 1246 adnotatione
2252 1179 2576 1264 subiecta,

331 1275 655 1362 quoniam
720 1284 789 1343 et
849 1273 1247 1347 Damascius
1311 1278 1403 1348 de
1468 1277 1606 1349 hac
1669 1280 1817 1372 ipsa
1890 1303 1967 1348 re
2034 1280 2216 1350 dicat
2281 1282 2579 1378 νεφέλης

333 1376 695 1474 ραγείσης,
749 1387 818 1446 et
867 1379 1111 1448 Suidas
1159 1381 1232 1449 in
1279 1404 1347 1456 τ.
1400 1378 1711 1477 Ὀρφευς
1760 1382 2046 1469 scribat‚
2097 1384 2314 1480 ἔφησε
2346 1382 2499 1456 ὃὲ”
2454 1411 2577 1457 οτι

333 1480 485 1574 φῶς
552 1481 771 1577 ρ’ῆξαν
834 1476 968 1554 τόν
1035 1486 1351 1580 αἰθέρα,
1423 1479 1733 1579 ἑφωτισε
1783 1479 1920 1583 τήν
1970 1486 2144 1583 γῆν,
2211 1487 2579 1557 coniiciuut

330 1579 567 1704 τῆκων
599 1585 893 1674 glossam
929 1607 1101 1675 esse,
1154 1611 1290 1676 qua
1340 1589 1617 1677 expulsa
1669 1588 1873 1658 fuerit
1922 1589 2214 1681 genuina
2248 1590 2577 1680 scriptura
2641 1623 2647 1630 ·

332 1678 636 1780 ρήσσων
736 1687 817 1754 lu
866 1711 949 1756 ea
998 1712 1073 1757 re
1123 1714 1245 1760 uos
1295 1693 1484 1759 nullo
1536 1692 1748 1759 modo
1814 1695 2238 1761 assentientes
2298 1691 2576 1760 habeut.

328 1789 634 1857 Primum
686 1790 864 1858 enim
928 1786 1164 1889 τήκων
1226 1796 1496 1892 αἰθέρα
1565 1806 1802 1886 aperte
1867 1796 2218 1888 poeticum
2277 1804 2422 1883 est,
2500 1805 2576 1864 ut

328 1914 550 1980 neque
614 1893 943 1963 credibile
993 1897 1077 1963 sit
1092 1943 1114 1980 ,
1185 1898 1272 1966 ab
1321 1898 1686 1988 interprete
1752 1898 1895 1969 hoc
1965 1922 2109 1967 esse
2158 1847 2574 1989 profectum,

327 2016 455 2063 nec
487 1997 730 2064 mirum
749 2045 770 2082 ,
821 1998 942 2087 qui
989 2021 1196 2090 prosa
1245 2002 1552 2069 oratione
1603 2002 1994 2087 utebantur,
2048 2026 2090 2070 a
2139 2003 2414 2093 poetica
2466 2001 2583 2070 di-·

327 2098 552 2168 ctione
588 2101 991 2168 abstinuisse.
1097 2101 1367 2172 Deinde
1413 2126 1743 2194 negamus
1793 2106 1997 2173 etiam
2049 2104 2347 2188 omniuo,
2401 2099 2581 2202 (irio——

329 2227 474 2276 σων
501 2203 795 2272 scribere
827 2203 1158 2293 potuisse,
1212 2206 1329 2294 qui
1377 2229 1604 2275 versus
1652 2208 1810 2275 illos
1858 2208 2046 2291 fecit,
2095 2230 2235 2275 uon
2283 2217 2575 2298 propter

323 2306 614 2374 verbum
633 2353 655 2390 ,
708 2306 831 2376 sed
881 2315 1168 2399 propter
1216 2318 1484 2400 tempus
1532 2309 1745 2378 verbi.
1860 2302 2109 2434 Τήκων
2153 2310 2333 2378 euim
2383 2321 2572 2379 recte

321 2407 444 2475 ille
496 2408 724 2478 dicere
773 2411 1018 2501 potuit,
1071 2410 1262 2532 quod
1314 2412 1388 2480 id
1438 2414 1796 2534 paullatim
1846 2414 1956 2494 fit;
2009 2406 2292 2510 ρήσσων
2346 2425 2573 2483 autem

321 2532 464 2578 non
486 2514 729 2602 potuit,
783 2514 941 2602 quia
991 2516 1219 2605 rumpi
1268 2515 1615 2585 aetherem
1666 2519 1861 2585 unius
1911 2516 2236 2584 momenti
2269 2526 2387 2600 est,
2449 2517 2570 2585 sed

325 2614 666 2684 debuisset
716 2611 928 2714 ρήξας
978 2616 1244 2704 dicere,
1309 2620 1890 2709 quemadmodum
1939 2628 2008 2688 et
2059 2619 2452 2689 Damascius
2505 2629 2573 2689 et

324 2717 576 2787 Suidas
642 2722 890 2789 aoristo
957 2731 1109 2790 suut
1174 2722 1298 2790 usi.
1399 2726 1497 2793 At
1547 2725 1682 2792 alia
1733 2733 1953 2809 erant,
2027 2746 2205 2812 quae
2253 2723 2323 2791 in
2372 2745 2570 2792 versu

322 2821 453 2889 isto
509 2824 761 2915 corrigi
812 2823 1174 2899 debebant.
1279 2827 1459 2895 Nam
1510 2828 1779 2924 αἰθέρα
1815 2833 2024 2900 θεῖον
2054 2827 2394 2895 Gesnerus
2450 2848 2570 2893 ex-

321 2922 543 2993 hibuit
591 2927 662 2993 in
710 2928 1104 3019 fragmentis
1130 2926 1481 3020 Orphicis,
1531 2954 1738 3020 quem
1785 2930 2060 2998 minime
2110 2930 2303 3018 sequi
2352 2929 2568 2997 debe-

320 3028 489 3096 bant
537 3030 856 3101 Editores
908 3031 1283 3118 Thesauri,
1352 3057 1488 3102 non
1539 3036 1760 3103 solum
1810 3032 2001 3123 quod
2053 3032 2211 3101 edd.
2278 3033 2568 3101 Macro-

320 3131 436 3217 bii,
490 3133 764 3222 (saltem
814 3156 991 3223 quae
1039 3135 1234 3205 nobis
1283 3137 1374 3206 ad
1418 3162 1692 3207 manum
1731 3147 1902 3222 sunt,
1954 3135 2119 3204 dum
2169 3135 2349 3206 haec
2399 3137 2567 3205 scri-

319 3234 576 3328 bimus)
629 3238 901 3333 αἰθέρα
953 3241 1112 3313 δῖον
1162 3243 1493 3330 praebent
1509 3291 1530 3328 ,
1582 3243 1706 3311 sed
1739 3241 1941 3310 etiam
1989 3241 2147 3329 quia
2174 3263 2394 3329 neque
2429 3240 2566 3308 usi-

316 3346 537 3407 tatum
580 3340 936 3432 epitheton
983 3342 1274 3412 aetheris
1334 3355 1438 3414 est
1478 3352 1724 3435 θεῖος,
1777 3369 1989 3434 quum
2042 3348 2190 3423 δῖος
2241 3345 2322 3412 sit
2359 3345 2565 3411 usita-

317 3442 677 3529 tissimum,
743 3467 965 3534 neque
1029 3447 1301 3515 omuino
1360 3450 1502 3521 hoc
1554 3450 1615 3518 ei
1666 3449 2020 3539 epitheton
2070 3456 2252 3515 recte
2300 3446 2564 3514 videtur

317 3546 521 3614 tribui
569 3570 788 3639 posse.
892 3551 1071 3617 Nam
1123 3551 1563 3621 diversissima
1614 3562 1767 3620 sunt
1819 3558 2019 3632 θεῖος
2052 3561 2119 3617 et
2154 3554 2332 3629 dioc:
2383 3569 2560 3636 quo-

319 3671 470 3717 rum
522 3658 724 3731 θεῑος
783 3661 899 3721 aut
961 3652 1070 3738 id,
1139 3655 1331 3742 quod
1382 3680 1425 3723 a
1477 3655 1601 3722 diis
1654 3663 1909 3739 ortum,
1977 3675 2134 3722 cum
2189 3673 2563 3740 eorumque

318 3763 554 3821 natura
608 3754 1038 3834 coniunctum
1090 3766 1226 3841 est,
1294 3768 1369 3827 ut
1428 3764 1639 3831 θεῖον
1689 3758 1934 3850 γένος,
2003 3760 2201 3835 θεῖος
2253 3752 2559 3849 ὄνειρος,

316 3867 434 3924 aut
474 3839 647 3925 illud
698 3859 1066 3951 significat,
1136 3861 1325 3949 quod
1377 3870 1515 3929 tam
1567 3860 1883 3928 eximium
1937 3868 2035 3927 est
2086 3867 2290 3946 atque
2343 3858 2563 3925 admi-

317 3961 556 4046 rabile,
622 3985 829 4051 quam
879 3965 935 4030 si
984 3973 1153 4032 esset
1202 3964 1591 4055 profectum
1642 3964 1733 4032 ab
1784 3963 1944 4047 diis,
2008 3970 2086 4029 ut
2142 3969 2354 4035 θεῖον
2414 3987 2561 4034 πο-

318 4057 491 4136 τόνε
560 4064 651 4134 de
696 4067 939 4155 quibus
984 4076 1293 4135 neutrum
1346 4069 1415 4136 in
1467 4068 1814 4136 aetherem
1865 4065 2184 4155 quadrat,
2245 4065 2365 4133 nisi
2412 4067 2562 4154 quis

233 4195 236 4196 *
318 4188 401 4234 ex
452 4190 696 4236 arcana
723 4169 1191 4260 Orphicorum
1244 4171 1595 4262 disciplina
1645 4169 1941 4260 aliquam
1972 4171 2299 4237 rationem
2332 4180 2559 4237 osten-

318 4270 469 4339 dat}
534 4275 683 4353 δῖος
735 4284 961 4341 autem
1013 4275 1353 4364 aliquanto
1397 4275 1726 4343 minorem
1778 4276 1914 4342 vim
1964 4272 2213 4356 habet,
2274 4284 2341 4339 et
2390 4271 2559 4339 nihil

315 4382 417 4440 est
466 4376 688 4461 aliud,
741 4401 945 4466 quam
995 4387 1337 4468 praestans
1358 4428 1378 4464 ,
1434 4377 1806 4465 excellens,
1878 4400 2086 4447 sacer.
2154 4376 2558 4462 ·Quumque

316 4475 685 4566 Homerus,
737 4482 856 4570 qui
908 4491 1144 4551 auctor
1196 4483 1406 4574 epicis
1459 4493 1526 4552 et
1576 4482 1718 4552 dux
1767 4483 1896 4552 fuit
1941 4484 2011 4550 in
2061 4481 2415 4572 plerisque·
2444 4499 2563 4542 re·-

1947 4585 2116 4670 Qz
