3325 5317
1138 474 2570 544 DlssERTAT10.2o1

328 646 549 721 vocati
603 656 785 734 sunt,
851 648 1294 741 intelligenda
1337 672 1481 719 esse
1518 658 1826 743 apparet.
1930 649 2363 739 Quamquam
2407 643 2571 736 hoc,

328 761 404 822 ut
445 774 650 846 supra
694 752 977 821 diximus
991 800 1013 838 ,
1078 775 1215 820 non
1272 753 1524 843 ubique
1571 754 1726 822 satis
1778 761 2039 822 certum
2098 761 2572 844 argumentum

329 865 465 941 est,
531 864 899 949 propterea
944 854 1134 945 quod
1184 856 1395 925 multa
1436 857 1687 925 horum
1735 857 2082 925 nominum
2125 865 2401 947 postero
2444 855 2572 927 de-

327 983 518 1029 mum
546 971 861 1052 tempore
892 959 961 1027 in
1004 959 1269 1028 fabulas
1302 959 1457 1029 istas
1493 960 1803 1031 videntur
1828 960 2018 1029 illata
2051 982 2211 1029 esse.

509 1151 735 1234 'Haec
772 1163 827 1235 si
873 1186 1031 1233 vere
1064 1162 1405 1255 disputata
1445 1172 1627 1251 sunt,
1678 1188 1816 1234 non
1855 1149 2073 1257 magis
2109 1186 2262 1251 eos,
2313 1162 2430 1254 qui
2464 1163 2577 1232 fa-

245 1323 256 1336 .
323 1266 521 1337 bulas
557 1279 816 1340 veteres
861 1268 948 1335 ab
994 1266 1273 1336 historia
1317 1277 1685 1360 segregant
1699 1317 1720 1354 ,
1789 1291 1993 1358 quam
2035 1269 2216 1355 illos,
2299 1267 2416 1357 qui
2451 1268 2576 1335 ista

329 1371 558 1448 omnia
598 1373 696 1441 sic
712 1419 734 1456 ,
798 1371 897 1440 uti
942 1381 1325 1456 narrantur,
1392 1381 1545 1441 acta
1605 1394 1748 1440 esse
1811 1371 2096 1442 credunt
2115 1423 2135 1460 ,
2198 1369 2576 1440 audiendos

275 1543 280 1546 ,
326 1475 716 1566 putabimus
733 1522 757 1560 ,
809 1473 929 1542 sed
947 1521 969 1558 ,
1022 1473 1329 1543 detracto
1377 1482 1617 1543 ornatu
1659 1476 1970 1566 poetico,
2023 1476 2324 1564 iustaque
2366 1475 2578 1558 inter-

326 1580 710 1670 pretatione
742 1576 1048 1645 adhibita
1065 1625 1086 1662 ,
1138 1577 1489 1646 materiem
1514 1578 1968 1647 narrationum
1996 1578 2265 1646 illarum
2298 1600 2404 1646 res
2435 1599 2578 1645 esse

326 1703 493 1750 vere
527 1690 751 1773 gestas
787 1680 1223 1751 censebimus.
1326 1680 1549 1750 Simul
1593 1690 1819 1756 autem
1855 1681 2004 1774 ipsa
2048 1682 2148 1750 rei
2189 1689 2426 1751 natura
2452 1702 2579 1749 nos

328 1784 759 1870 admonebit,
811 1783 992 1851 nihil*
1022 1784 1093 1852 iu
1132 1784 1274 1862 hoc
1304 1807 1559 1876 genere
1585 1794 1727 1854 tam
1772 1785 2101 1855 incertum
2132 1807 2312 1870 esse,
2364 1806 2578 1874 quam

323 1897 716 1980 temporum
749 1888 1071 1968 rationes3
1135 1910 1354 1977 neque
1400 1889 1904 1975 obliviscemur,
1956 1890 2054 1958 uti
2091 1887 2385 1959 recentia
2400 1935 2421 1974 ‚
2471 1888 2579 1956 vi-

326 2000 537 2084 gente
583 1992 814 2060 adhuc
855 1992 1339 2081 plerorumque
1384 1992 1723 2062 factorum
1765 1994 2128 2077 memoria,
2211 1992 2426 2083 longa
2474 1990 2580 2058 vi-

328 2095 610 2181 dentur,
661 2098 756 2164 ita
792 2095 1098 2183 antiqua,
1150 2095 1706 2187 paucissimorum
1752 2087 2397 2165 commemoratione
2435 2115 2588 2181 serf

327 2208 485 2267 vata
502 2247 523 2285 ‚
574 2198 808 2269 brevia
844 2195 1077 2266 videri.

537 2402 680 2472 Sed
736 2404 966 2496 placet
1010 2404 1146 2472 iam
1162 2450 1184 2488 ‚
1267 2426 1446 2493 quae
1489 2403 1774 2473 diximus
1788 2452 1810 2490 ‚
1889 2402 2208 2494 exemplo
2249 2423 2579 2495 compro-

325 2508 520 2575 bare.
630 2506 871 2577 Inachi
924 2506 1136 2575 filiam
1184 2506 1298 2592 Io,
1380 2508 1587 2599 Argis
1638 2506 2050 2599 profugam,
2124 2516 2281 2597 post
2329 2507 2577 2598 longos

329 2632 594 2679 errores
634 2611 704 2678 in
743 2611 1038 2700 Libyam
1080 2609 1337 2679 venisse
1378 2609 1645 2695 dicunt3
1696 2611 1784 2679 ab
1835 2611 1970 2680 hac
2018 2619 2195 2677 ortas
2238 2608 2578 2706 Danaides

328 2712 611 2796 rediisse
653 2716 883 2805 Argos
906 2761 928 2798 ,
1012 2736 1300 2802 quarum
1349 2714 1439 2781 ab
1490 2738 1625 2783 una
1663 2737 1879 2806 genus
1926 2711 2189 2781 duxisse
2226 2715 2573 2798 Perseum,

331 2840 374 2885 a
416 2837 555 2907 quo
597 2817 906 2888 Persidas
944 2818 1148 2909 Argis
1190 2816 1638 2909 imperitasse3
1700 2839 1994 2907 quorum
2025 2825 2291 2909 partem
2325 2816 2628 2908 expul-9

256 2934 261 2938 ’
332 2941 480 3005 sos,
545 2929 613 2988 et
645 2944 728 2988 ex
767 2919 875 2987 his
910 2920 1284 2990 Herculem
1321 2930 1554 2994 natum
1594 2944 1771 3004 esse;
1829 2920 2028 2990 huius
2075 2930 2381 3013 posteros
2424 2930 2579 2989 tan-

215 3017 220 3022 ’
333 3024 496 3120 dem
536 3046 841 3092 reversos
869 3023 996 3090 sibi
1022 3024 1572 3116 Peloponnesum
1596 3025 1971 3096 subiecisse.
2020 3024 2346 3093 Referam
2376 3023 2576 3108 haec,

334 3127 591 3196 omissis
627 3117 804 3216 quae
848 3149 985 3195 non
1032 3136 1183 3195 sunt
1214 3129 1622 3217 necessaria,
1673 3128 2110 3219 Apollodoro
2156 3129 2578 3221 potissimum

335 3239 644 3315 auctore,
696 3232 813 3320 qui
840 3230 1019 3304 libro
1059 3231 1357 3299 secundo
1388 3231 1480 3300 de
1521 3231 1626 3300 his
1651 3234 1852 3301 rebus
1885 3233 2212 3323 exposuit.
2315 3225 2458 3300 Sed
2507 3231 2578 3299 in

336 3356 422 3403 eo
461 3334 770 3402 deseram
812 3334 1320 3424 Apollodorum
1336 3382 1358 3419 ,
1427 3334 1619 3425 quod
1676 3335 1842 3406 huic
1884 3337 1966 3404 Io
2008 3346 2249 3406 octava
2299 3334 2578 3404 demum

336 3438 776 3530 generatione
827 3439 917 3508 ab
946 3437 1222 3508 Inacho*
1242 3450 1391 3508 orta
1437 3438 1840 3532 perhibetur
1853 3430 1894 3525 ,‘
1927 3462 2140 3528 quum
2173 3461 2325 3507 eam
2365 3437 2581 3529 pleri-

337 3564 476 3631 que
516 3549 586 3612 et
607 3541 983 3634 gravissimi
1013 3553 1319 3611 auctores
1363 3543 1577 3613 filiam
1619 3545 1820 3614 fuisse
1863 3542 2104 3613 Inachi
2145 3541 2448 3611 dixerint.

542 3747 765 3840 Igitur
807 3745 1070 3817 Oceani
1119 3748 1298 3818 filius
1339 3745 1664 3838 Ἴναχος,
1730 3748 2121 3832 Evacunus,
2176 3746 2402 3814 filiam
2443 3742 2580 3813 ha·-
2697 3791 2701 3796 -

337 3850 487 3919 buit
526 3845 692 3940 ’1ὥρ
756 3851 951 3920 Itiam
967 3860 1012 3940 ,'
1040 3874 1246 3940 quam
1293 3875 1522 3921 amans
1566 3852 1873 3943 Iuppiter
1928 3873 2138 3939 quum
2180 3850 2252 3917 in
2298 3870 2579 3920 vaccam

335 3954 904 4041 transformasset,
956 3976 1095 4045 quo
1124 3979 1210 4025 ea
1223 3951 1508 4048 ‘'Hpoev,
1561 3954 2040 4044 Populoniam,
2090 3954 2351 4040 lateret,
2399 3953 2581 4023 haec

328 4055 615 4152 ”Aoyov
626 4114 655 4148 ,
740 4058 1053 4137 Micuum
1067 4108 1088 4145 ,
1180 4056 1531 4128 custodem
1599 4057 1824 4126 multis
1913 4058 2125 4128 oculis
2193 4057 2579 4150 praeditum

338 4161 616 4253 puellae
656 4157 922 4232 addidit
938 4210 959 4247 ,
1018 4162 1453 4249 furoremque
1504 4163 1571 4229 ei
1623 4161 1912 4229 immisit.
2013 4160 2327 4231 Micuum
2368 4183 2579 4251 quum

339 4264 722 4359 Mercurius
737 4313 760 4350 ‚
814 4264 1028 4334 oculis
1058 4267 1201 4333 eius
1232 4264 1595 4360 consopitis
1610 4314 1630 4350 ,
1686 4264 2073 4350 occidisset,
2127 4265 2394 4356 aufugit
2424 4264 2574 4334 Itia.

340 4369 499 4436 Non
527 4377 628 4437 est
660 4370 1020 4439 obscurum
1035 4416 1057 4453 ,
1110 4391 1318 4458 aquas
1348 4367 1504 4453 dici,
1557 4390 1734 4457 quae
1755 4368 1962 4440 fluvio
1994 4369 2225 4459 aliquo
2253 4365 2389 4436 sive
2422 4366 2578 4433 lacu

344 4472 756 4561 exundante,
803 4473 1130 4544 imbribus
1168 4480 1405 4558 auctae
1418 4521 1441 4562 ,
1508 4472 1610 4567 (is
1645 4481 1749 4545 est
1785 4495 1977 4543 amor
2013 4472 2226 4565 Iovis)
2269 4477 2577 4540 tortuoso
