3325 5317
715 520 850 584 ns
1151 510 1580 575 cENszA
1635 510 1962 576 NovAE
2011 512 2508 576 EDITIONIS

715 690 907 762 modi
954 685 1203 757 Indicis
1259 685 1558 756 faciendi
1607 694 1928 775 quautam
1974 685 2359 755 molestiam
2407 683 2571 767 sibi,
2637 690 2962 773 quantam

715 806 943 865 autem
991 791 1333 861 Thesauri
1382 789 1781 860 conferendi
1844 790 2185 874 omnibus,
2252 789 2373 878 qui
2421 810 2506 857 eo
2555 789 2738 855 usuri
2786 796 2958 872 sunt,

714 924 800 969 ea
847 921 922 966 re
972 894 1291 965 Editores
1349 902 1780 986 pepererunt.
1882 883 2093 982 Atqui
2149 893 2441 961 maxima
2506 899 2574 959 et
2640 890 2963 982 primaria·

633 1039 642 1052 .
713 1003 920 1073 virtus
968 999 1166 1068 lexici
1218 1006 1352 1083 est,
1396 1007 1495 1066 ·ut
1552 995 1867 1065 nonnisi
1917 1019 2124 1086 quam
2172 996 2609 1089 paucissimos
2664 995 2735 1061 in
2786 1016 2961 1083 qua-

716 1129 852 1196 que
901 1126 975 1172 re
1024 1105 1215 1172 locos
1270 1103 1604 1192 inspicere
1655 1123 1925 1170 necesse
1967 1101 2069 1167 sit.
2184 1101 2523 1191 Apertum
2567 1106 2665 1166 est
2707 1107 2956 1181 autem,

625 1229 630 1232 ·
714 1210 786 1277 in
840 1217 981 1275 tam
1034 1205 1291 1273 infinita
1341 1227 1570 1273 rerum
1632 1206 1838 1296 copia
1883 1228 1964 1275 ac
2021 1204 2344 1273 varietate
2386 1203 2630 1270 mirum
2646 1249 2666 1285 ‚
2744 1203 2961 1268 immo¹

715 1314 893 1382 ultra
933 1310 1298 1378 humanam
1343 1309 1736 1377 facultatem
1792 1308 1944 1375 fore
1962 1356 1982 1392 ‚
2052 1309 2123 1375 ni
2165 1307 2236 1373 in
2283 1305 2518 1375 Indice
2568 1305 2732 1389 illo,
2818 1303 2985 1394 quo=

714 1416 834 1485 hic
880 1413 1271 1483 Thesaurus
1325 1433 1498 1503 opus
1543 1405 1893 1495 habebit‚'
1935 1419 2002 1478 et
2059 1412 2268 1478 verba
2307 1409 2520 1477 multa
2537 1457 2559 1495 ‚
2629 1420 2698 1476 et
2745 1410 2958 1492 locos,

715 1520 836 1589 ubi
913 1517 1003 1586 de
1078 1519 1161 1586 iis
1223 1516 1446 1586 verbis
1509 1523 1751 1607 agatur
1815 1514 2142 1582 adnotare
2202 1512 2518 1580 Editores
2584 1512 2958 1603 negligant.

649 1657 653 1661 ·
714 1623 1053 1713 Exempla
1108 1620 1220 1688 vel
1275 1619 1477 1687 huius
1534 1618 1841 1687 fasciculi
1901 1617 2118 1686 Index
2179 1620 2486 1708 praebet.
2591 1616 2711 1684 Sic
2770 1617 2842 1682 in
2895 1639 2957 1682 v.

715 1720 1214 1823 ἤγάθεοςᾞοῐι
1268 1731 1838 1793 commemoratur
1881 1744 1952 1812 p.
1985 1717 2160 1794 259.
2205 1743 2270 1788 n.
2301 1720 2348 1787 l.
2389 1721 2642 1788 bonam
2674 1719 2793 1786 illa
2826 1719 2957 1785 ob·-

717 1830 1159 1897 servationem
1216 1826 1558 1893 continens
1573 1873 1595 1910 ‚
1674 1847 1851 1914 quae
1895 1824 2139 1892 omissa
2186 1832 2332 1891 erat
2384 1824 2455 1890 in
2503 1823 2633 1890 illis
2693 1822 2957 1889 duobus

718 1931 888 2000 locis
903 1978 925 2015 ‚
992 1931 1112 2019 qui
1154 1928 1476 2021 adscripti
1519 1930 1591 1996 in
1638 1928 1877 1998 Indice
1930 1937 2100 1996 sunt.
2214 1928 2573 1996 Praeterea
2629 1925 2802 1992 ratio
2847 1926 2958 1991 illa

716 2057 858 2104 non
896 2033 1110 2102 modo
1154 2032 1243 2100 ad
1286 2032 1799 2117 inveniendum,
1852 2031 2042 2122 quod
2077 2031 2224 2120 quis
2267 2037 2579 2119 quaerat,
2629 2029 2961 2096 molestis-

718 2141 887 2207 sima
922 2148 1057 2222 est,
1110 2136 1232 2205 sed
1280 2137 1481 2204 etiam
1516 2138 1789 2206 invento
1830 2137 2160 2205 lectorem
2203 2136 2556 2202 frustratur
2571 2180 2592 2217 ‚
2644 2132 2959 2221 quoniam

716 2243 788 2311 in
828 2252 1048 2326 tanta,
1102 2251 1423 2329 quantam
1450 2252 1845 2332 congestam
1875 2240 2080 2323 videt,
2114 2237 2411 2305 materia
2452 2237 2676 2304 denuo
2702 2235 2959 2325 haeret,

713 2346 833 2415 ubi
876 2345 1052 2414 illud
1091 2343 1354 2435 ipsum,
1420 2343 1611 2432 quod
1668 2345 1923 2429 voluit,
1986 2342 2294 2409 inveniat.
2414 2341 2762 2428 Nusquam
2818 2339 2957 2407 hoc

713 2450 935 2542 magis
992 2448 1434 2540 conspicuum
1492 2457 1625 2532 est,
1726 2470 1932 2538 quam
1991 2447 2064 2513 in
2117 2446 2231 2531 iis,
2312 2466 2489 2533 quae
2540 2441 2632 2511 de
2689 2443 2958 2510 nomine

716 2551 1011 2647 ἄγαλμα
1050 2553 1259 2621 allata
1310 2560 1476 2619 sunt.
1581 2552 1691 2620 De
1724 2565 1871 2641 quo'
1904 2572 2115 2640 quum
2148 2549 2395 2640 exponi
2431 2558 2752 2638 coeptum
2792 2554 2962 2616 esset

714 2680 787 2748 p.
832 2655 1005 2723 181.
1048 2655 1355 2724 nondum
1379 2656 1570 2723 finita
1614 2665 1712 2724 est
1735 2656 1857 2723 illa
1897 2653 2260 2744 disputatio
2300 2674 2372 2743 p.
2419 2650 2590 2718 320.
2644 2673 2820 2739 quae
2852 2648 2963 2716 ul-

713 2761 881 2827 tima
921 2768 1020 2826 est
1056 2759 1257 2827 huius
1287 2759 1614 2828 fasciculi.
1713 2760 1809 2829 At
1849 2759 1996 2848 quis
2036 2757 2358 2825 ducentas
2404 2764 2472 2822 et
2514 2752 2961 2845 quadraginta

714 2863 1002 2953 paginas
1057 2862 1252 2931 unius
1307 2863 1625 2931 vocabuli
1681 2885 1912 2933 caussa
1966 2860 2331 2952 perlegere
2379 2857 2742 2926 sustineat?
2824 2859 2963 2924 Aut

716 2966 865 3055 quis
905 2964 1024 3034 hic
1077 2974 1305 3057 speret
1363 2987 1441 3033 se
1495 2967 1738 3057 longas
1798 2965 2287 3034 dissertationes
2348 2961 2438 3030 de
2492 2962 2794 3045 Hecate,
2871 2958 2961 3026 de

716 3066 1117 3164 περιστίοις
1130 3124 1159 3159 ,
1241 3070 1520 3158 aliisque
1558 3069 1953 3138 huiusmodi
2012 3069 2214 3136 rebus
2253 3058 2603 3157 permultis
2654 3065 2963 3131 inventu-

601 3192 608 3200 ·
653 3189 660 3198 ’
716 3193 870 3239 rum
906 3192 1084 3238 esse:
1137 3196 1315 3261 quae
1361 3175 1563 3241 etiam
1606 3196 1691 3241 eo
1738 3174 2067 3241 lectorem
2107 3180 2488 3255 morantur,
2543 3167 2734 3257 quod
2773 3166 2959 3233 diffi-

720 3273 994 3357 culter‚=
1025 3275 1145 3342 ubi
1178 3276 1498 3366 incipiant
1539 3286 1612 3344 et
1654 3276 1777 3344 ubi
1820 3268 2153 3358 desinant,
2204 3273 2552 3342 invenitur.
2653 3271 2962 3359 Denique

718 3378 868 3468 quis
912 3387 1222 3467 expectet
1239 3423 1259 3463 ‚
1313 3402 1563 3470 magna
1589 3379 1942 3470 diligentia
1967 3377 2086 3446 hic
2116 3377 2515 3460 enumerari,
2563 3375 2685 3443 ubi
2727 3372 2958 3467 ἄγαλ-

718 3508 828 3575 μα
871 3476 1164 3572 Πανός,
1218 3476 1443 3571 Διός,
1496 3478 1972 3577 ’Λρτέμιδος,
2027 3491 2111 3549 et'
2142 3483 2238 3549 sic
2282 3492 2700 3549 caeterorum
2739 3477 2967 3545 numi--

716 3608 877 3653 num
925 3585 1114 3677 apud
1159 3595 1417 3655 veteres
1451 3585 1728 3676 '‘dicatur
1745 3586 1780 3652 ἓ
1843 3588 2072 3674 Atque
2110 3593 2187 3652 ut
2224 3584 2481 3651 habeat
2526 3580 2783 3670 aliquid
2829 3581 2962 3647 uti-

718 3688 921 3756 litatis
949 3690 1127 3758 haec
1170 3690 1613 3775 enumeratio,
1665 3689 1814 3779 quis
1847 3711 1986 3756 non
2034 3688 2200 3756 deos
2237 3689 2393 3755 illos
2432 3685 2800 3754 secundum
2845 3684 2957 3750 lit-

624 3798 1013 3860 loterarum
1050 3792 1358 3861 ordinem
1401 3801 1965 3862 commemoratos
2001 3791 2217 3875 volet,
2246 3813 2405 3858 non
2455 3801 2716 3878 autem,
2769 3783 2958 3876 quod

718 3892 836 3961 hic
880 3894 1138 3965 factum
1155 3945 1176 3981 ,
1226 3898 1365 3966 sine
1408 3889 1595 3965 certo
1639 3896 1876 3965 ordine
1896 3895 1931 3962 ?
1982 3917 2159 3984 quae
2198 3917 2302 3962 res
2339 3895 2584 3961 mirum
2639 3901 2961 3982 quantum

720 4004 930 4088 auget
974 4000 1341 4087 quaerendi
1398 4001 1728 4069 laborem2
1833 3998 2132 4067 Omnino
2147 4045 2168 4083 ,
2234 3999 2288 4065 si
2332 4019 2612 4086 usquam
2627 4046 2648 4085 ‚
2713 3996 2785 4062 in
2827 3994 2955 4078 his,

718 4122 897 4189 quae
951 4101 1041 4168 de
1092 4103 1216 4169 ista
1260 4126 1433 4173 voce
1477 4104 1660 4174 dicta
1719 4111 1909 4186 sunt,
1994 4101 2165 4170 mira
2217 4110 2458 4194 regnat
2508 4100 2816 4169 confusio
2880 4118 2969 4165 ac

715 4203 1157 4294 perturbatio.
1275 4206 1391 4276 Sic
1436 4229 1646 4295 quum
1706 4229 1778 4297 p.
1826 4204 1999 4273 197.
2066 4206 2300 4273 allatus
2361 4214 2531 4273 esset
2574 4204 2768 4272 locus
2806 4204 2960 4271 'Eu-

717 4305 946 4375 stathii
984 4305 1076 4374 de
1124 4307 1499 4377 discrimine
1553 4311 1727 4377 inter
1774 4307 2067 4403 ἄγαλμα
2096 4318 2182 4376 ·et
2228 4301 2476 4405 χάρμα
2493 4362 2521 4395 ,
2593 4314 2960 4395 sequuntur

648 4463 652 4467 -
720 4402 971 4490 Πανός
1012 4406 1307 4506 ἄγαλμα
1350 4412 1477 4479 isto
1520 4414 2063 4510 significatuket
2088 4405 2396 4509 Ἑκάτης
2429 4408 2759 4504 ἄγαλμα,
2801 4429 2956 4479 cum

716 4522 861 4580 tota
887 4509 1030 4582 ἰΠε(
1049 4512 1508 4585 dissertatione
1546 4515 1636 4585 de
1682 4517 1948 4587 Hecate
1965 4562 1986 4604 ‚
2016 4512 2124 4586 *ac
2166 4522 2311 4583 tum
2357 4513 2634 4582 demum
2677 4535 2752 4605 p.
2786 4506 2957 4580 257.
