3325 5317
686 483 773 545 ιο
843 475 960 539 DE
1019 458 1421 537 L‘Eemvs
1477 477 2039 552 vavsuAM
2096 478 2841 541 svss'nmomssvs

685 651 1008 721 sermonis
1049 650 1337 742 vestigio
1377 651 1854 719 memorabiles
1889 652 2050 736 siut,
2110 652 2473 721 indicativo
2504 654 2779 726 εἴσεται
2811 652 2924 720 di·.-

687 778 796 828 co.
900 756 1078 822 Nam
1120 754 1308 822 aliud
1360 756 1648 846 agebat,
1716 756 1995 845 opinor,
2067 754 2543 838 ThierschiuS‚
2598 779 2810 844 quum
2853 780 2922 875 p.

688 857 863 926 189.
926 859 1201 929 εἴσεται
1249 857 1318 924 in
1377 858 1811 927 coniunctivis
1872 868 2269 926 numeraret.
2396 859 2606 944 Quod
2668 859 2722 925 si
2783 860 2927 947 quis

687 959 923 1068 ὄφρα
990 967 1070 1026 ut
1111 960 1523 1051 significans,
1602 984 1761 1029 cum
1810 960 2040 1029 futuro
2085 962 2267 1030 ferre
2306 961 2517 1045 nolit,
2569 962 2817 1051 poterit
2850 961 2923 1028 id

684 1086 815 1157 pro
847 1064 1073 1131 donec
1100 1065 1427 1153 accipere.
1533 1064 1638 1131 lta
1685 1072 1914 1132 autem
1957 1074 2290 1156 cognatae
2320 1062 2457 1134 hae
2484 1064 2926 1156 significatio-

685 1190 803 1235 nes
844 1175 1026 1250 sunt,
1078 1188 1283 1255 quam
1304 1190 1452 1235 rem
1480 1167 1703 1260 attigit
1727 1169 2067 1237 Porsonus
2112 1168 2203 1235 ad
2232 1167 2473 1259 Eurip.
2506 1167 2768 1237 Phoen.
2801 1167 2925 1236 89.

684 1280 761 1342 ut
799 1269 866 1337 in
914 1268 1221 1359 Odyssea
1274 1275 1399 1352 ἕως
1435 1293 1573 1339 ιιοιι
1614 1272 1827 1339 semel
1876 1279 1953 1340 ut
1994 1271 2363 1363 significet,
2413 1294 2476 1339 v.
2525 1294 2584 1342 c.
2643 1275 2706 1345 δ.
2750 1269 2924 1339 899.

685 1401 742 1447 ε.
790 1369 961 1441 386.
1022 1381 1074 1458 ζ.
1119 1372 1241 1441 89.
1362 1376 1510 1445 Nec
1538 1374 1783 1443 ‘sordes
1824 1374 2229 1467 appellarim
2273 1373 2668 1450 indicativus
2713 1374 2782 1441 in
2819 1373 2938 1442 hia

684 1477 889 1547 locis:
954 1474 1094 1547 Od.
1148 1504 1216 1548 α.
1264 1474 1437 1544 316.
1475 1476 1710 1573 δῶρον
1769 1474 1873 1566 δ’,
1929 1475 2097 1551 ὄττι
2145 1480 2230 1551 κε’
2278 1504 2415 1570 μοι
2477 1477 2734 1550 δοῦναι
2792 1476 2926 1572 φί-

683 1583 813 1652 λον
843 1575 1029 1675 ἦτορ
1066 1573 1369 1672 ἀνώγει,
1425 1575 1634 1661 αὖτις
1662 1576 2120 1675 ἀνερχομένῳ
2153 1579 2453 1668 δοῦναι,
2507 1581 2662 1664 ubi,
2711 1603 2925 1669 quum

683 1682 899 1751 modo
965 1683 1284 1750 obtulerit
1345 1682 1605 1750 donum
1651 1682 2113 1752 Telemachus
2133 1733 2155 1769 ‚
2218 1682 2469 1751 idonea
2518 1705 2747 1752 caussa
2805 1692 2926 1767 est,

683 1809 895 1874 quare
940 1785 1204 1852 admitti
1243 1785 1635 1855 indicativus
1691 1788 1941 1877 possit3
2009 1796 2077 1855 et
2117 1787 2198 1854 Il.
2252 1812 2332 1878 μ.
2382 1783 2552 1853 226.
2624 1780 2929 1867 πολλοῦς

682 1883 824 1983 γάρ
878 1881 1143 1982 Τρώων
1188 1887 1755 1982 καταλείψομεν,
1812 1887 1935 1970 οὕς
1971 1916 2094 1962 κεν
2119 1887 2409 1979 Ἀχαιοὶ
2450 1889 2687 1982 χαλκῷ
2732 1883 2926 1984 δῃώ-

686 2007 936 2063 σουσιν
954 2037 975 2074 ‚
1027 1991 1147 2059 ubi
1187 2001 1264 2059 ut
1307 1990 1795 2083 praeferendus
1839 1993 1921 2060 sit
1978 1992 2464 2077 coniunctivuS‚
2516 2001 2587 2059 at
2612 1991 2925 2061 indicati-

682 2116 803 2162 vus
847 2115 984 2160 non
1030 2104 1129 2161 est
1171 2099 1398 2164 tamen
1436 2095 1661 2163 falsus.
1779 2095 1921 2165 Sed
1972 2097 2043 2163 in
2099 2096 2219 2163 illo
2263 2094 2401 2164 Od.
2450 2123 2499 2167 ι.
2543 2093 2715 2162 2ΊΊ.
2759 2090 2927 2167 οὐδ’

680 2194 777 2269 ἄν
834 2189 976 2288 ἐγω
1026 2191 1213 2278 Διός
1267 2200 1484 2289 ἔχθος
1548 2191 1995 2289 ἀλευάμενος
2054 2196 2495 2322 πεφιδοίμην
2542 2195 2716 2271 οὔτε
2773 2197 2926 2288 σεῦ,

682 2295 864 2372 οὔθ·
928 2292 1250 2396 ἑτάρων,
1316 2303 1387 2372 εἰ
1442 2295 1549 2399 μή
1593 2295 1835 2394 θυμός
1876 2328 1974 2395 με
2021 2295 2335 2390 κελεύει,
2403 2309 2480 2367 ut
2525 2325 2568 2368 a
2617 2322 2928 2369 sermone

679 2402 993 2470 familiari
1037 2404 1374 2473 excusatio
1412 2404 1495 2473 sit
1509 2452 1532 2492 ‚
1599 2413 1825 2474 tamen
1867 2406 2230 2475 sententiae
2277 2426 2514 2475 caussa
2555 2404 2928 2495 optativum

678 2501 1105 2598 autepo'nam.

882 2705 1196 2798 Denique
1265 2711 1434 2779 alius
1489 2710 1760 2803 generis
1818 2709 1960 2781 hoc
2032 2720 2134 2780 est
2196 2707 2334 2780 Od.
2404 2738 2468 2783 υ.
2525 2704 2700 2778 385.
2761 2705 2925 2782 ἀλλ’

679 2807 909 2886 ἀκέων
930 2813 1235 2934 ωπατέρα
1275 2815 1825 2910 προςεδέριιετο,
1895 2813 2233 2905 δέγμενος
2276 2812 2457 2903 αἰεί,
2521 2806 2803 2887 ὁππότε
2836 2805 2931 2907 δή

670 2914 1126 3012 μνηστῆρσιν
1165 2910 1497 2988 ἀναιδέσι
1551 2921 1794 3008 χεῖρας
1834 2909 2109 3012 ἐφήσει.
2245 2917 2402 2985 Νοιι
2457 2917 2803 3008 resi-ager,
2871 2915 2926 2983 si

679 3017 828 3107 quis
869 3040 1027 3088 cum
1071 3017 1485 3087 Thierschio
1533 3041 1606 3109 p.
1643 3016 1815 3085 192.
1870 3040 1953 3086 ex
1995 3018 2151 3087 cod.
2184 3020 2370 3089 Vrat.
2405 3020 2609 3145 ἐφείη
2646 3017 2924 3110 praefe—

677 3129 804 3206 rat,
856 3121 1068 3188 modo
1108 3120 1295 3189 idem
1339 3122 1541 3190 etiam
1583 3143 1647 3190 v.
1685 3120 1805 3190 29.
1841 3131 2159 3212 reponat.
2210 3123 2331 3191 sed
2360 3116 2612 3218 ἐφήσει
2647 3121 2784 3211 qui·
2778 3121 2924 3190 de—

549 3274 552 3278 *
678 3224 961 3292 fendere
1004 3223 1226 3310 volet,
1289 3247 1372 3320 eo
1423 3227 1520 3293 uti
1563 3234 1969 3317 argumento
2019 3226 2330 3314 debebit,
2411 3226 2603 3315 quod
2649 3226 2923 3322 Graeci,

676 3350 856 3416 quae
896 3349 980 3396 ex
1030 3329 1271 3395 aliena·
1294 3315 1520 3397 mente
1578 3329 1925 3413 dicuntur,
1978 3352 2183 3421 saepe
2235 3331 2424 3398 velut
2470 3352 2554 3397 ex
2598 3350 2924 3420 praesen-

672 3432 756 3499 tis
804 3453 923 3500 ore
964 3431 1335 3522 proferant.
1454 3432 1593 3517 Qui
1629 3455 1779 3501 mos
1796 3481 1816 3517 ,
1880 3432 2197 3523 frequens
2252 3432 2440 3524 apud
2495 3432 2925 3515 recentiores,

676 3535 822 3626 ipse
876 3558 1151 3625 quoque
1203 3535 1466 3605 radices
1511 3558 1663 3604 suas
1730 3536 1800 3602 in
1841 3535 2156 3606 Homero
2195 3536 2431 3608 habet.
2533 3535 2772 3625 ltaque
2812 3533 2923 3601 his

673 3661 951 3728 quoque
993 3641 1063 3706 in
1100 3639 1272 3709 locis
1314 3631 1607 3734 ἐφήσει,
1662 3640 1720 3706 si
1759 3662 2024 3708 versum
2068 3638 2189 3709 39.
2240 3661 2631 3730 compareS‚
2697 3637 2915 3705 habe—

673 3741 809 3826 bit,
875 3765 1014 3831 quo
1064 3740 1486 3811 defendatur.
1587 3742 1776 3809 Rara
1813 3751 2040 3813 tamen
2098 3744 2275 3814 haec
2325 3754 2475 3811 sunt
2531 3742 2715 3833 apud
2763 3741 2924 3809 Ho-

628 3867 961 3918 merum.
1013 3845 1095 3912 11.
1137 3873 1213 3937 μ
1253 3841 1377 3913 59.
1411 3844 1609 3931 πεζοὶ
1653 3844 1733 3918 δὲ
1763 3846 2183 3937 μενοίνεον,
2238 3850 2310 3920 εἰ
2336 3847 2726 3920 τελέουσιν
2775 3842 2919 3913 Od-

584 3961 748 4022 11ν.
798 3945 974 4016 339.
1039 3941 1278 4044 αὐτάρ
1337 3941 1475 4040 ἐγω
1522 3975 1610 4020 το
1654 3947 1795 4041 μεν
1856 3946 2118 4022 οὔποτ
2162 3946 2540 4029 ἀπίστεον,
2606 3944 2770 4022 ἀλλ’
2818 3947 2924 4021 ἐνι

676 4050 899 4145 θυμῷ
933 4046 1102 4145 ᾔδε’,
1159 4049 1204 4122 ὂ
1237 4045 1648 4173 νοστήσεις,
1702 4052 1892 4141 quod
1932 4053 2290 4123 Minerva
2272 4076 2407 4122 lam
2436 4075 2703 4122 reverso
2734 4051 2919 4118 dicit.

675 4180 740 4248 ρ.
775 4152 950 4221 369.
1004 4145 1243 4249 αὕτάρ
1289 4147 1577 4250 Ἀθήνη
1623 4153 1908 4251 ὤτρυν’,
1965 4183 2054 4238 ως
2088 4156 2180 4230 ἄν
2210 4183 2449 4253 πυρνα
2491 4148 2680 4229 κατά
2717 4180 2915 4247 μνη-

674 4256 944 4377 στῆρας
973 4251 1283 4352 ἀγείροι,
1336 4255 1541 4353 γνοίη
1583 4255 1700 4345 θ’,
1758 4261 2019 4342 οἵτινές
2048 4264 2230 4334 εἰσιν
2252 4260 2665 4385 ἐναίσιμοι,
2732 4252 2914 4328 οἵτ’

673 4353 1094 4452 ἀθέμιστοι.
1194 4358 1275 4426 ln
1326 4358 1451 4427 illo
1511 4368 1564 4442 ξ.
1628 4359 1804 4431 331.
1857 4391 1924 4436 τ.
1983 4362 2155 4432 288.
2222 4361 2500 4456 ὤμοσε,
2561 4358 2915 4453 ἐπαρτέας

676 4461 908 4557 ἔμμεν
957 4459 1287 4557 ἑταίρους
1301 4517 1329 4551 ,
1401 4469 1480 4536 οἲ
1525 4458 1614 4562 δή
1641 4492 1778 4559 μιν
1827 4468 2202 4564 πέμψουσι
2234 4465 2447 4564 φίλην
2496 4468 2563 4545 ἐς
2594 4460 2915 4559 πατρίδα
