3325 5317
711 375 844 439 m
1040 368 1413 437 oum-10
1467 348 1561 435 ru
1622 369 2115 434 summum
2176 369 2606 436 Avcvsm

711 545 976 616 miseria
989 595 1013 633 ‚
1085 547 1333 619 sudore
1349 595 1373 636 ‚
1436 534 1764 640 sanguine
1822 546 2068 619 civium
2120 545 2607 617 incrementum
2643 568 2941 639 capere,

712 648 836 718 sed
859 651 1083 744 potius
1105 651 1252 747 ipse
1268 699 1290 737 ,
1341 673 1481 742 quo
1509 652 1770 721 civibus
1806 652 1983 721 bene
2014 659 2218 735 emet,
2269 650 2533 718 assidue
2571 648 2939 742 providere

713 774 981 839 curare,
1032 755 1344 827 laborare
1389 754 1635 835 voluit3
1686 752 1804 844 qui
1842 777 1980 823 non
2018 753 2333 838 inertiae,
2382 753 2724 836 luxuriae,
2774 753 2937 822 libi--

715 854 982 931 dinibus
996 903 1018 941 ‚
1068 857 1266 953 nugis
1308 881 1381 926 se
1422 857 1677 927 dedere
1708 857 1975 951 regium
2012 857 2440 941 existimavit,
2491 856 2635 941 sed,
2686 879 2936 951 guarus

711 959 1100 1052 peritusque
1129 983 1355 1045 rerum
1383 960 1858 1056 gerendarum,
1908 959 2054 1051 ipse
2080 982 2409 1030 summam
2438 983 2665 1031 rerum
2694 959 2939 1029 mode-

719 1062 852 1131 rari
867 1111 890 1147 ‚
938 1063 1251 1135 iustitiam
1287 1072 1554 1135 strenue
1595 1064 1772 1134 tueri
1785 1111 1808 1148 ‚
1880 1062 2177 1132 instituta
2221 1063 2512 1132 salubria
2555 1071 2938 1147 sustentare,

717 1164 985 1260 legibus
1013 1167 1502 1260 sapientissimis
1526 1166 1904 1235 libertatem
1927 1165 2172 1236 civium
2197 1189 2447 1258 augere
2478 1166 2703 1256 potius
2733 1188 2939 1254 quam

621 1271 1055 1357 uouemere,
1099 1269 1563 1361 indefessaque
1594 1292 1778 1354 cura,
1828 1269 2017 1358 quod
2048 1269 2375 1361 prodesse
2407 1270 2659 1338 civibus
2686 1279 2939 1360 posset,

714 1370 1035 1448 effectum
1061 1374 1259 1455 dare;
1304 1383 1573 1465 tempus
1599 1372 1891 1463 denique
1915 1397 1957 1441 a
1979 1372 2399 1463 reipublicae
2421 1371 2941 1440 administratio-

712 1482 801 1549 'ne
826 1499 1112 1547 vacuum
1144 1476 1621 1551 honestissimis
1655 1477 2025 1547 litterarum
2059 1475 2286 1546 studiis
2313 1475 2710 1567 impendere
2725 1524 2747 1561 ,
2796 1475 2942 1546 hoc

710 1601 881 1672 rege
924 1579 1208 1673 dignum
1250 1580 1558 1651 officium
1601 1602 1741 1649 esse
1792 1579 2133 1651 iudicavit.
2244 1580 2404 1648 Non
2449 1577 2688 1647 habuit
2714 1588 2942 1648 autem

712 1685 872 1753 satis
888 1732 912 1771 ‚
975 1706 1206 1754 curam
1250 1684 1451 1756 rebus
1491 1681 1806 1775 gerendis
1848 1691 2049 1771 atque
2106 1681 2562 1774 gubernandis
2607 1682 2940 1755 assiduam

713 1784 1077 1871 adhibere,
1127 1784 1248 1857 sed
1283 1784 1427 1878 egit
1464 1785 1665 1852 etiam
1701 1783 1873 1853 illud
1891 1833 1913 1868 ‚
1963 1795 2039 1853 ut
2069 1795 2138 1852 et
2164 1808 2246 1854 ea
2277 1794 2564 1869 curaret,
2617 1809 2795 1874 quae
2820 1799 2941 1856 cu·

712 1886 846 1959 rari
877 1888 965 1955 ab
1003 1887 1535 1964 administratore
1558 1887 1658 1955 rei
1684 1887 2006 1979 publicae
2024 1909 2154 1980 par
2180 1899 2299 1972 est,
2324 1898 2394 1957 et
2423 1910 2508 1958 eo
2536 1889 2772 1977 modo,
2801 1911 2940 1978 quo

713 1990 934 2064 curari
963 1989 1231 2065 debent.
1334 1991 1647 2078 Quorum
1680 1991 1878 2076 illud,
1912 1992 2116 2061 vitam
2136 2014 2324 2060 suam
2353 1992 2452 2063 rei
2475 1992 2796 2087 publicae
2829 2004 2941 2060 to·-

711 2101 856 2162 tam
897 2092 1161 2191 dicare,
1225 2093 1429 2169 valde
1482 2094 1830 2165 laudabile
1878 2103 2013 2180 est,
2093 2095 2469 2186 meritoque
2513 2096 2940 2188 praeclarum

710 2199 1033 2295 propensi
1059 2199 1127 2269 in
1156 2184 1332 2267 cives
1357 2197 1558 2268 animi
1590 2198 2083 2287 voluntatisque
2109 2198 2589 2272 documentum
2616 2198 2940 2272 habetur:

712 2299 857 2374 hoc
881 2323 1066 2385 vero,
1115 2310 1299 2371 recte
1325 2301 1396 2368 id
1426 2301 1691 2386 sacere,
1741 2299 2140 2391 prudentiae
2165 2312 2267 2374 est
2293 2311 2361 2370 et
2386 2302 2771 2393 sapientiae,
2801 2303 2942 2370 sine

712 2426 851 2500 qua
874 2404 1173 2477 studium
1202 2404 1405 2478 etiam
1431 2403 2008 2496 diligentissimum
2037 2405 2292 2488 inutile,
2321 2406 2482 2497 quin
2511 2428 2942 2495 nonunquam

715 2506 920 2581 etiam
949 2508 1219 2581 noxium
1245 2516 1362 2582 est.
1465 2507 1560 2575 Et
1588 2508 1750 2575 Rnx
1782 2507 2059 2595 quidem
2087 2517 2334 2593 noster,
2385 2509 2758 2594 auditores»,
2804 2532 2942 2598 qua

714 2610 1038 2702 sapientia
1066 2609 1561 2701 rempublicam
1583 2611 1887 2704 gesserit,
1930 2611 2341 2703 experientia
2363 2635 2485 2681 uos
2515 2612 2781 2682 docuit:
2825 2612 2942 2702 qui

716 2711 787 2779 iu
820 2710 958 2785 hoc
989 2735 1265 2804 quoque
1304 2736 1585 2810 genere,
1637 2724 1714 2788 ut
1749 2714 1818 2781 in
1848 2715 2126 2786 caeteris
2164 2716 2370 2788 rebus
2414 2715 2754 2800 omnibus,
2804 2739 2942 2784 non

711 2815 882 2904 quid
908 2815 1205 2887 dicerent
1242 2816 1327 2901 ii,
1378 2816 1496 2905 qui
1529 2817 1655 2883 sibi
1681 2818 1905 2885 omnia
1932 2818 2178 2890 rectius
2208 2842 2413 2908 quam
2437 2819 2552 2887 alii
2589 2820 2942 2910 perspice-
3003 2860 3012 2869 ·

712 2940 792 2993 re
815 2916 1157 3004 videntur,
1208 2918 1328 2988 sed
1352 2920 1520 3009 quid
1545 2943 1705 2989 vere
1728 2922 1983 2995 bonum
2006 2931 2209 3012 atque
2238 2922 2399 2992 utile
2426 2933 2596 2996 esset
2610 2933 2939 3014 spectans,

711 3021 1229 3113 principemque
1269 3046 1405 3090 non
1434 3022 1787 3097 dominum
1821 3048 1962 3096 esse
2009 3026 2325 3111 civitatis,
2378 3025 2500 3094 sed
2547 3025 2942 3099 moderato-

713 3144 862 3190 rem
887 3123 1262 3214 intelligens
1279 3172 1300 3208 ‚
1350 3125 1491 3195 hoc
1516 3111 1936 3217 'potissimum
1966 3130 2135 3222 egit,
2183 3139 2262 3201 ut
2287 3151 2463 3218 quae
2492 3129 2941 3221 impedimen—

717 3232 794 3295 to
827 3247 970 3298 esse
996 3228 1191 3298 rectis
1227 3225 1668 3319 honestisque
1696 3231 1943 3298 civium
1974 3230 2206 3306 studiis
2236 3232 2658 3318 viderentur,
2707 3256 2938 3305 remo-

715 3335 905 3399 veret
949 3339 1062 3402 aut
1108 3338 1398 3411 arceret,
1449 3351 1589 3400 non
1630 3333 1831 3405 etiam
1873 3342 1949 3401 ut
1989 3334 2249 3409 iuberet
2288 3335 2506 3405 multa
2550 3336 2701 3404 fieri
2739 3347 2941 3428 atq'ue

624 3439 709 3504 15
720 3431 1101 3524 imperaret.
1207 3430 1365 3517 Quo
1390 3431 1646 3508 factum
1680 3443 1813 3521 ost,
1843 3443 1921 3509 ut
1943 3435 2273 3524 libertate,
2305 3439 2362 3507 si
2389 3439 2741 3529 quisquam
2772 3442 2939 3509 alius

719 3534 1125 3610 Germaniae
1178 3537 1515 3628 populus,
1593 3537 1894 3613 Saxones
1944 3540 2235 3610 maxima
2284 3541 2649 3635 gaudeant.
2763 3544 2941 3621 Nam

713 3635 882 3726 quid
897 3639 1142 3728 cuique
1174 3642 1456 3732 negotio
1480 3641 1835 3717 tractando
1864 3643 2030 3716 utile
2057 3653 2127 3718 et
2139 3645 2729 3721 accommodatum
2758 3647 2863 3732 sit,
2893 3647 2941 3714 ii

711 3745 971 3812 tantum
1009 3741 1173 3836 ipsi,
1225 3734 1442 3832 quiid
1469 3744 1826 3837 nogotium
1851 3755 2159 3832 tractant,
2205 3742 2466 3842 optime
2491 3751 2941 3847 perspiciunt:

714 3840 956 3930 quibus
996 3843 1332 3941 imperare
1348 3895 1368 3932 ,
1439 3847 1605 3936 quid
1649 3847 1879 3920 facere
1920 3849 2246 3935 debeant,
2303 3853 2488 3926 nihil
2534 3864 2633 3925 est
2692 3853 2818 3926 nisi
2876 3863 2941 3921 et

594 4034 601 4043 ,
718 3943 1081 4033 negotium
1100 3947 1320 4040 ipsum
1351 3949 1722 4042 impedire,
1775 3962 1844 4023 et
1874 3953 1991 4041 qui
2038 3954 2102 4025 ei
2131 3975 2417 4045 operam
2459 3955 2653 4040 dant,
2706 3979 2940 4029 servo-

717 4066 869 4113 rum
896 4043 1096 4120 instar
1118 4049 1395 4129 habere.
1498 4054 1684 4132 Illud
1709 4064 1964 4131 tantum
1993 4057 2314 4147 principis
2344 4068 2476 4144 est,
2527 4081 2769 4135 cavere
2786 4109 2807 4146 ‚
2858 4083 2946 4133 ne
2973 4120 2980 4125 .

717 4148 1027 4247 abutatur
1069 4152 1216 4242 quis
1252 4153 1560 4228 libertate
1602 4181 1755 4245 sua,
1807 4150 1923 4231 aut
1966 4159 2084 4231 alii
2124 4160 2268 4237 aliis
2307 4161 2630 4236 officiant.
2733 4162 2944 4250 Quod

717 4250 894 4323 bene
939 4264 1371 4342 perspectum
1406 4256 1666 4336 habens
1688 4262 1847 4337 Rex
1887 4273 2145 4349 noster,
2196 4288 2337 4337 esse
2369 4265 2671 4341 ‚liberalis
2690 4313 2715 4351 ,
2765 4267 2940 4338 cives

718 4352 965 4428 liberos
1001 4351 1259 4432 babens
1272 4406 1294 4443 ‚
1349 4382 1552 4448 quam
1581 4365 2046 4442 liberalitatem
2062 4413 2085 4454 ‚
2148 4390 2326 4458 quae
2375 4368 2564 4438 nulla
2607 4380 2803 4458 esset,
2841 4370 2946 4438 ia-
