3325 5317
901 457 1442 547 ΕΡιοΗιιιΜι
1501 458 1621 522 ET
1677 458 2096 545 ΕνιιιιιιαἸ
2472 441 2602 531 im

628 627 764 707 τόν
827 640 914 707 τε
968 630 1474 727 πολυτίματον
1500 690 1503 693 >
1529 629 1769 730 ἔλοφ’,
1849 630 1937 727 (o‘
1992 631 2065 709 δ’
2118 627 2296 707 αὖτε
2350 630 2602 716 κᾶλλος

2018 735 2274 827 ὤνιος)

622 844 751 912 ἕνα
773 833 1047 930 μόνον,
1099 836 1221 911 καὶ
1258 836 1481 931 κῆνον
1510 833 1554 912 ὁ
1585 831 1772 920 Ζειῗς
1803 838 2019 932 ἔλαβε
2030 895 2056 929 ,
2110 832 2549 936 κήκελήσατο

619 944 992 1036 κατθέμεν
1027 936 1102 1034 γ’
1150 937 1354 1036 αὐτῷ
1385 941 1475 1014 τέ
1512 946 1585 1014 οἱ
1622 940 1743 1013 καὶ
1773 942 1873 1038 τᾷ
1901 937 2227 1045 ᾄοέμαρτι
2271 938 2599 1036 θοῖτέρω.

365 1120 407 1186 i.
444 1142 502 1188 e.
541 1118 940 1211 pretiosum
980 1116 1286 1208 elopem,
1339 1115 1481 1205 (est
1519 1125 1761 1186 autem
1800 1118 1918 1188 hic
1966 1117 2213 1188 adhuc
2254 1117 2441 1187 alius
2479 1139 2603 1185 ve-

362 1222 582 1313 nalis)
612 1212 828 1290 unum
859 1227 1163 1307 tantum,
1209 1226 1279 1287 et
1307 1218 1509 1287 illum
1533 1218 1866 1314 ‚luppiter
1901 1223 2216 1314 accepit,
2259 1220 2590 1312 iussitque
2605 1228 2690 1289 11

353 1325 744 1423 pecuniam
793 1332 983 1392 certe
1029 1344 1409 1391 numerare
1453 1322 1526 1390 in
1563 1345 1772 1392 suum
1813 1326 2191 1417 uxorisque
2231 1346 2436 1393 usum
2456 1345 2604 1416 pro

361 1431 607 1498 altero.
716 1427 1004 1496 Videtur
1043 1426 1156 1494 vel
1196 1426 1492 1516 piscator
1524 1427 1715 1517 loqui
1732 1476 1753 1511 ,
1805 1430 1914 1496 vel
1955 1429 2132 1497 Iovis
2161 1428 2601 1519 dispensator,

361 1555 500 1601 non
559 1532 634 1625 pl
643 1555 791 1601 ures
850 1554 1056 1620 quam
1116 1528 1310 1612 duos
1350 1529 1586 1622 elopes
1627 1530 1926 1600 venales
1934 1555 2206 1600 narrans
2224 1584 2243 1620 ,
2312 1552 2605 1619 quorum

358 1658 568 1704 unum
624 1644 882 1704 tantum
898 1687 919 1723 ,
989 1628 1179 1723 qnod
1242 1606 1446 1701 valde
1505 1636 1875 1724 pretiosum
1933 1635 2075 1704 hoc
2138 1658 2351 1728 genus
2414 1641 2604 1721 esset,

355 1738 667 1831 Iuppiter
696 1739 1097 1830 accepisset,
1149 1758 1279 1830 pro
1312 1736 1526 1805 altero
1558 1747 1784 1809 autem
1800 1787 1821 1825 ,
1881 1748 1957 1807 ut
1994 1740 2048 1807 is
2080 1738 2203 1806 sibi
2230 1737 2603 1824 Iunonique

359 1851 771 1928 servaretur,
823 1864 1042 1931 neque
1071 1849 1406 1908 emeretur
1437 1843 1525 1909 ab
1557 1843 1729 1927 alio,
1780 1843 2075 1933 pretium
2100 1842 2386 1910 iussisset
2412 1840 2602 1907 solvi.

336 1947 894 2015 ‚Enumerabatur
941 1954 1166 2012 autem
1212 1942 1283 2009 in
1328 1967 1425 2019 ea,
1459 1943 1697 2013 fabula
1739 1945 1887 2015 fere
1934 1944 2265 2035 quidquid
2320 1938 2603 2034 usquam

356 2034 645 2142 piscium
684 2048 1125 2116 inveniretur:
1156 2045 1357 2114 unde
1392 2070 1473 2114 ea
1507 2049 1891 2139 saepissime
1923 2050 2010 2117 ab
2043 2049 2399 2118 Athenaeo
2432 2070 2602 2137 pro-

355 2166 515 2245 pter
555 2153 736 2222 hanc
776 2173 1076 2227 caussam
1123 2150 1383 2217 citatur.
1486 2151 1580 2218 Et
1616 2153 2010 2242 planissime
2063 2159 2355 2243 arguunt
2394 2150 2603 2218 verba

356 2256 697 2326 Athenaei
735 2253 891 2321 VII.
928 2277 1000 2347 p.
1041 2250 1211 2319 282.
1249 2252 1336 2320 D.
1367 2247 1821 2376 Ἐπίχαρμος
1867 2252 1926 2329 ὃ
1964 2259 2040 2328 ἐν
2070 2247 2415 2332 Μούσαις
2468 2278 2603 2325 τον

356 2359 497 2453 μὲν
542 2361 768 2434 ἔλοπα
802 2361 1419 2450 καταριθμεῖται
1471 2384 1604 2431 τον
1654 2359 1732 2432 δὲ
1768 2356 2168 2447 κάλλιχθυν
2204 2355 2250 2451 ἢ
2288 2348 2604 2428 καλλιω-

358 2489 637 2552 νυμον,
687 2488 777 2541 ως
824 2487 962 2532 τον
1006 2451 1237 2531 αυτόν
1279 2457 1504 2579 ὄνταῖ
1555 2461 1933 2557 σεσίγηκεν.
1985 2461 2132 2529 Iam
2171 2440 2339 2548 quid
2377 2456 2605 2527 credi-

356 2567 556 2635 bilius
591 2573 724 2650 est,
776 2585 982 2653 quam
1027 2571 1339 2652 poetam,
1393 2563 1510 2651 qui
1539 2564 1632 2632 ita
1660 2564 1951 2657 piscium
1996 2570 2392 2656 appetentes
2437 2561 2603 2628 deos

356 2669 851 2753 introduceret,
935 2689 1145 2755 quum
1193 2664 1466 2733 omnino
1524 2666 1614 2735 de
1664 2666 1802 2735 diis
1853 2670 2069 2737 multa
2110 2666 2397 2735 attulisse
2435 2663 2604 2732 ridi-

359 2776 553 2859 cula,
612 2782 756 2840 tum
796 2771 1087 2838 maxime
1118 2768 1384 2857 MusaS,
1437 2793 1479 2836 a
1510 2760 1754 2859 quib'us
1803 2772 2050 2840 nomen
2094 2769 2420 2860 repetitae
2453 2767 2604 2835 edi-

359 2878 529 2946 tioni
568 2876 762 2963 fecit,
833 2872 990 2940 risui
1040 2871 1331 2941 voluisse
1377 2873 1764 2964 exponere?
1845 2873 2056 2961 Quod
2096 2875 2154 2942 si
2199 2881 2266 2941 et
2306 2873 2605 2965 ipsarum

360 3004 536 3071 quac
581 2978 818 3072 posuit
842 2976 1148 3059 nomina,
1202 2985 1273 3043 et
1310 2987 1703 3069 parentum,
1755 3001 1936 3068 quos,
1955 2980 2032 3047 iis
2061 2977 2329 3061 tribuit,
2383 2975 2604 3042 consi-

357 3085 672 3171 deramus
689 3134 709 3169 ,
775 3102 915 3149 non
958 3078 1247 3146 multum
1302 3103 1345 3146 a
1383 3103 1607 3166 vero,
1644 3090 1741 3149 ut·
1779 3085 2057 3174 opinor,
2125 3078 2600 3163 aberrabimuS,

361 3190 419 3258 si
449 3211 605 3258 eum
642 3184 719 3254 id
749 3183 965 3276 egisse
996 3181 1463 3269 coniiciemus,
1515 3193 1591 3252 ut
1630 3184 1841 3273 hasce
1869 3186 2103 3271 Musas
2132 3206 2269 3251 non
2301 3182 2602 3251 erudita-

356 3315 510 3361 rum
540 3291 782 3359 artium
813 3285 1156 3380 praesides
1174 3333 1195 3371 ,
1246 3286 1366 3378 sed
1406 3288 1600 3379 unice
1642 3289 1742 3356 rei
1789 3286 2153 3382 piscariae,
2203 3310 2379 3377 quae
2416 3309 2601 3354 sum-

355 3419 470 3465 ma
513 3391 700 3485 apud
733 3391 1012 3483 gulosos
1048 3389 1207 3457 istos
1246 3389 1413 3459 deos
1454 3391 1779 3484 sapientia
1809 3393 2207 3475 haberetur,
2249 3389 2601 3481 magistras

357 3497 724 3569 exhiberet.
836 3493 942 3561 Ita
991 3489 1163 3560 nihil
1206 3502 1494 3585 apparet
1534 3496 1759 3587 “magis
1804 3497 2004 3565 fuisse
2061 3502 2599 3575 consentaneum,

356 3625 567 3693 quam
601 3607 680 3671 ut
722 3605 790 3667 et
824 3595 1006 3690 ipsas
1045 3620 1088 3663 a
1125 3596 1405 3688 piscosis
1433 3597 1813 3701 fluminibus
1841 3599 2056 3671 dictas
2082 3599 2342 3667 faceret
2371 3594 2473 3686 *),
2533 3600 2603 3663 et

438 3948 505 4033 *)
543 3951 912 4013 Buttmann«)
952 3973 1017 4033 p.
1052 3953 1202 4021 608}
1239 3951 1438 4013 visum
1478 3961 1570 4015 est
1608 3952 1802 4013 multo
1821 3950 2142 4014 ‘venustius
2172 3951 2487 4031 multoque
2519 3952 2600 4012 ad

358 4036 828 4099 confirmandam
864 4037 1030 4099 hanc
1063 4038 1619 4118 interpretationem
1666 4037 1886 4118 aptius
1905 4058 2066 4113 esse,
2134 4038 2190 4099 ei
2244 4045 2599 4114 statuamus,

361 4143 435 4183 eo
473 4121 608 4202 ipso
653 4121 855 4195 datam
901 4145 1028 4184 esse
1069 4121 1253 4182 huius
1292 4123 1524 4184 inventi
1554 4144 1756 4184 ansam
1785 4122 2179 4223 Epicharmo,
2205 4123 2387 4209 *quod
2419 4145 2600 4203 nym-

353 4205 510 4307 phas
543 4207 801 4268 fontium
832 4229 947 4289 pro
984 4208 1169 4270 Musis
1205 4207 1418 4268 haberi
1456 4208 1656 4272 sciret.
1741 4208 1828 4270 ld
1859 4208 2044 4270 haud
2069 4209 2254 4273 sciam
2301 4231 2376 4269 an
2426 4228 2599 4268 secus

350 4293 437 4352 eit
476 4292 541 4353 in
568 4301 749 4374 poeta
776 4294 1029 4354 comico.
1116 4292 1236 4355 Sed
1274 4293 1353 4354 de
1382 4291 1499 4354 hac
1536 4315 1605 4356 re
1640 4316 1766 4355 non
1810 4305 1984 4376 puto
2010 4296 2421 4361 coniecturam
2466 4290 2598 4351 fieri

352 4386 573 4459 posse,
617 4378 734 4440 nisi
777 4381 879 4441 vel
911 4380 1146 4462 integra
1188 4377 1536 4462 Epicharmi
1573 4380 1779 4444 fabula
1821 4384 2188 4466 reperiatur,
2231 4379 2333 4445 vel
2373 4377 2598 4440 certius

351 4464 502 4544 quid
531 4466 612 4530 de
640 4484 710 4529 ea
757 4474 1013 4531 constet.
