3325 5317
699 1351 865 1439 DE
941 1346 1386 1443 cuono
1446 1309 2936 1440 E'VMENIDVM‘vAESCHYLI
3064 1276 3081 1289 ³

1006 1497 1952 1593 DlssERTATm
2012 1493 2460 1623 PRIMA
2511 1488 2625 1615 *).'

388 1863 584 1995 t
1032 2024 1037 2029 ,
2881 1846 2983 1995 a

1323 1980 2415 2085 PRAEFA'rro.¹

647 2193 692 2254 8
710 2155 1073 2284 Septimus
1115 2185 1238 2261 hic
1279 2213 1485 2261 annus
1522 2200 1657 2279 est,
1726 2196 1810 2262 ei
1867 2213 2007 2283 quo
2064 2197 2379 2284 rogatus,
2429 2195 2505 2258 nt
2534 2184 2945 2259 conferrem-

694 2293 949 2385 aliquid
997 2293 1086 2364 ad
1131 2295 1500 2365 secundum
1545 2295 1944 2365 fasciculum
1973 2293 2200 2364 Musei
2241 2292 2616 2363 studiorum
2645 2287 2935 2379 antiqui-

691 2399 841 2467 t‘atis
854 2444 875 2486 ,
937 2399 1350 2469 Buttmanno
1411 2397 1942 2475 dissertationem
1986 2400 2138 2468 misi
2196 2395 2287 2467 de
2337 2395 2556 2466 choro
2607 2392 2936 2463 Eumeni-

695 2502 862 2570 dum
913 2500 1236 2592 Aeschyli
1248 2502 1271 2571 ε’
1347 2525 1483 2594 qua
1530 2502 1974 2595 commodum
2028 2500 2229 2570 missa
2263 2523 2475 2590 quum
2523 2497 2938 2587 accepissem

692 2605 1031 2675 Boeckhii
1071 2607 1320 2675 librum
1360 2607 1449 2676 de
1486 2606 1760 2700 tragicis
1792 2605 2105 2691 Graecis,
2155 2604 2225 2673 in
2271 2626 2410 2696 quo
2455 2605 2514 2672 is
2557 2622 2801 2669 novam
2845 2597 2936 2665 de

698 2731 778 2777 ea
824 2707 1196 2801 tragoedia
1261 2711 1715 2778 coniecturam
1768 2716 2256 2801 proposuerat,
2308 2707 2512 2776 aliam
2556 2704 2646 2774 de
2691 2700 2937 2771 eodem

697 2819 1097 2902 argumento
1130 2810 1662 2881 dissertationem
1707 2811 1948 2883 adieci.
2048 2812 2414 2900 Aliquanto
2456 2818 2613 2902 post
2627 2856 2650 2894 ,
2729 2804 2938 2873 dilata

599 2922 616 2929 '
698 2913 993 2983 editione
1034 2914 1340 2985 fasciculi
1376 2915 1554 2983 illius
1569 2963 1590 3000 ,
1642 2915 1807 3006 petii
1823 2962 1845 3000 ,
1892 2923 1968 2983 ut
2002 2913 2171 2983 mihi
2209 2912 2652 2984 redderentur
2687 2910 2932 2976 disser-

689 3017 976 3086 tationes
1012 3017 1177 3086 istae
1196 3066 1217 3103 ,
1269 3039 1408 3109 quo
1451 3041 1564 3087 eas
1611 3016 1731 3088 hic
1754 3018 1897 3089 illic
1924 3018 2203 3087 fortasse
2228 3027 2457 3088 auctas
2491 3023 2932 3094 correctasve,

692 3143 905 3210 quum
946 3120 1026 3189 iis
1061 3144 1217 3190 usus
1255 3121 1478 3212 foret,
1540 3122 1972 3196 remitterem.
2075 3121 2182 3189 lta
2206 3118 2534 3213 repositas
2563 3115 2932 3199 servabam,

698 3245 1173 3313 servaremque
1213 3225 1611 3311 etiamnum,
1664 3225 1789 3293 nisi
1834 3224 2005 3293 mihi
2047 3245 2226 3293 nunc
2244 3272 2268 3311 ,
2316 3245 2493 3313 quae
2524 3243 2609 3290 ex
2645 3218 2937 3292 muneris

692 3326 832 3396 mei
879 3326 1115 3397 officio
1159 3326 1335 3397 duae
1386 3338 1573 3396 erant
1616 3329 2213 3398 commentationes
2258 3326 2564 3396 edendae
2581 3373 2602 3409 ,
2685 3322 2775 3390 ad
2822 3343 2936 3389 eas
3034 3408 3045 3418 ο

694 3429 1078 3501 scribendas
1123 3430 1336 3499 otium
1376 3430 1716 3500 defuisset.
1818 3430 1950 3501 cui
1995 3431 2227 3504 officio
2269 3434 2478 3521 quum
2522 3427 2802 3496 edendis
2844 3423 2934 3490 il-

694 3533 777 3602 lis
793 3580 816 3620 ,
866 3557 1033 3624 quas
1081 3543 1222 3603 tum
1273 3534 1672 3627 scripseram
1690 3584 1713 3622 ,
1763 3534 2330 3605 dissertationibus
2383 3531 2686 3601 satisfieri
2724 3550 2931 3620 posse

696 3636 1140 3730 intelligerem
1156 3687 1177 3724 ,
1228 3661 1364 3709 non
1408 3640 1735 3732 putabam
1758 3639 1841 3707 id
1886 3661 2094 3731 aegre
2133 3638 2395 3706 ‘laturos
2446 3632 2922 3707 celeberrimos

694 3739 984 3809 editores
1028 3740 1287 3827 Musei,
1349 3752 1426 3811 ut
1474 3762 1643 3832 qnos
1694 3751 1764 3821 et
1809 3743 2059 3814 amicos
2093 3741 2260 3810 mihi
2305 3763 2444 3809 esse
2483 3739 2720 3808 scirem
2734 3784 2756 3820 ,
2806 3755 2935 3803 nec

691 3841 1109 3911 dubitaturos
1122 3892 1143 3931 ‚
1193 3846 1248 3913 si
1290 3846 1655 3915 instaurare
1685 3844 2000 3915 Museum
2042 3857 2236 3915 suum
2282 3844 2533 3912 vellent
2549 3891 2568 3926 ,
2619 3862 2758 3907 non
2805 3838 2937 3906 de-

693 3952 1125 4014 trectatumm
1164 3971 1277 4016 me
1317 3973 1457 4020 esse
1471 4001 1493 4038 ,
1543 3948 1735 4039 quod
1781 3950 1860 4020 iis
1904 3958 2175 4041 gratum
2224 3947 2376 4014 fore
2415 3944 2821 4037 acciperem.

898 4047 1204 4116 Chorum
1223 4093 1228 4099 ι
1244 4050 1737 4138 Eumenidum,
1804 4053 2075 4141 aliaque
2128 4049 2483 4133 nonnulla,
2554 4070 2732 4137 quae
2779 4066 2934 4114 cum

693 4149 828 4221 hac
870 4150 1256 4240 quaestione
1302 4155 1656 4227 coniuncta
1698 4164 1881 4244 sunt,
1933 4154 2159 4247 attigit
2195 4176 2411 4246 nuper
2455 4152 2655 4221 etiam
2693 4149 2937 4216 Blom-

778 4450 837 4539 ¹⁸¹)
879 4452 1092 4518 Editae
1135 4461 1276 4516 sunt
1317 4475 1370 4517 a.
1419 4460 1602 4525 1816.
