3325 5317
739 460 870 523 246
1165 453 1606 517 cENszA
1663 455 1986 522 NOVAE
2043 454 2541 516 EDITIONIS

740 630 859 697 bat
894 628 1208 698 Butlerus
1250 626 1516 712 dicere,
1583 649 1813 697 veram
1864 650 1936 696 se
1979 627 2230 698 horum
2277 628 2640 696 verborum
2690 625 2983 719 scriptu-

742 754 887 800 ram
930 731 1211 799 definire
1254 753 1391 798 non
1427 731 1696 800 audere.

946 934 1191 1003 Paullo
1231 944 1427 1027 post,
1490 957 1563 1027 p.
1618 932 1793 1003 262.
1844 936 1930 1004 A.
1977 945 2341 1056 postquam
2383 933 2729 1004 Macrobii
2773 935 2981 1003 verba

742 1037 1266 1157 adscripserunt,
1328 1039 1661 1109 uncinulis
1714 1039 2027 1130 praefixis
2044 1088 2065 1125 ,
2135 1040 2251 1127 qui
2280 1040 2353 1107 in
2398 1038 2534 1106 fine
2562 1037 2984 1131 typographi

740 1164 967 1210 errore
995 1142 1216 1210 omissi
1240 1152 1423 1229 sunt,
1477 1144 1546 1211 in
1578 1142 1720 1213 hoc
1764 1143 2038 1211 illorum
2077 1164 2427 1227 versuum,
2482 1163 2654 1256 qnos
2698 1142 2982 1212 Macro-

738 1244 889 1315 bius
940 1243 1142 1313 affert
1160 1292 1182 1330 ,

931 1394 1159 1473 ‘fflae
1208 1398 1653 1495 παγγενέτορ
1673 1452 1702 1488 ,
1753 1396 2146 1478 παναίολε,
2200 1396 2753 1495 χρυσεοφεγγές,

734 1552 827 1621 ita
856 1560 1187 1646 pergunt:
1236 1589 1342 1604 —-
1391 1554 1593 1639 „Pro
1619 1549 1972 1624 παναίολε
2003 1550 2382 1636 (ὶθειιειιιε,
2434 1551 2727 1620 metricis
2768 1551 2979 1620 ratio-

735 1656 991 1742 „nibus
1023 1665 1282 1740 motus,
1337 1649 1509 1729 Ποῖν
1547 1649 1749 1726 αἰόλε
1776 1655 2111 1745 reposuit,
2163 1656 2532 1747 probante,
2582 1664 2661 1722 nt
2691 1654 2975 1741 videtur,

734 1806 782 1844 „
795 1760 1214 1830 Hermanno.
1346 1757 1490 1826 Sed
1562 1777 1720 1842 noS,
1827 1757 2153 1849 quicquid
2214 1759 2444 1830 dicant
2503 1759 2604 1826 rei
2658 1760 2975 1829 metricae

734 1908 780 1946 „
796 1860 1028 1951 periti,
1079 1868 1367 1952 propter
1401 1861 1746 1952 graviores
1771 1861 2062 1929 rationes
2087 1863 2440 1954 vulgatam
2476 1860 2840 1945 lectionem
2863 1884 2975 1930 re-

724 1964 1192 2050 .‚,stituendam
1233 1986 1602 2034 censemus,
1704 1965 1883 2031 Nam
1915 1964 1984 2038 1.
2015 1965 2259 2055 positio
2293 1966 2476 2034 vocis
2514 1965 2688 2034 inter
2716 1991 2973 2058 παγγε·

731 2067 1012 2162 „2¹⁸¹on
1062 2076 1132 2135 et
1171 2067 1683 2163 χρυσεοφεγγὲς
1743 2061 1909 2136 huic
1962 2067 2239 2139 lectioni
2295 2068 2568 2148 omnino
2616 2067 2835 2150 favet3
2908 2076 2975 2136 et

733 2217 778 2256 ‚,
797 2169 865 2236 2.
911 2163 1116 2244 aldae
1157 2191 1289 2261 pro
1316 2169 1431 2239 dei
1464 2170 1769 2262 epitheto
1800 2193 2131 2259 nusquam
2147 2223 2169 2260 ,
2219 2171 2412 2262 qnod
2442 2171 2723 2240 sciamus
2738 2219 2760 2257 ‚
2813 2171 2974 2239 alibi

730 2272 1076 2364 „legitur3
1128 2283 1198 2341 et
1238 2272 1308 2341 3.
1325 2321 1348 2359 ,
1400 2274 1453 2341 si
1480 2273 1627 2363 quis
1660 2275 1852 2343 locus
1881 2284 2195 2361 exstaret,
2244 2276 2316 2342 in
2344 2296 2482 2366 quo
2510 2275 2625 2352 uni
2659 2296 2742 2343 ex
2786 2284 2972 2345 cete-

647 2382 656 2397 '
730 2399 1021 2462 „rorum
1061 2375 1347 2446 deornm
1388 2377 1588 2445 turba
1626 2375 1771 2447 hoc
1804 2377 2157 2468 epitheton
2191 2379 2555 2463 tribuatur„
2605 2377 2809 2446 valde
2842 2376 2971 2447 du-

607 2517 622 2527 ·
730 2527 776 2566 ‚‚
793 2480 1119 2567 bitamus,
1185 2503 1272 2549 an
1315 2490 1683 2573 propterea
1737 2480 1812 2548 id
1853 2480 2020 2552 Pani
2060 2483 2360 2551 tribuere
2396 2489 2646 2574 poetae
2684 2481 2972 2550 liberum

726 2630 776 2669 „
796 2591 987 2652 esset.
1088 2585 1186 2654 At
1210 2583 1562 2662 παναίολε
1594 2583 1686 2652 de
1718 2584 1887 2654 Sole
1926 2593 2116 2655 recte
2144 2585 2314 2670 dici,
2368 2595 2435 2656 et
2471 2606 2629 2653 cum
2659 2608 2970 2679 χρυσεο-

728 2733 774 2774 ,,
796 2685 1047 2779 φεγγὲς
1092 2687 1247 2758 satis
1290 2696 1449 2777 apte
1494 2687 1720 2779 iungi,
1787 2709 1990 2756 nemo
2033 2689 2367 2780 negarit.“
2463 2688 2622 2756 Non
2667 2687 2972 2772 Gesneri‚

730 2788 852 2882 sed
890 2797 1117 2856 nostra
1143 2789 1261 2856 illa
1291 2790 1671 2859 emendatio
1705 2801 1840 2876 est,
1895 2784 2066 2864 Ποῖν
2099 2786 2302 2866 αἰόλα
2321 2842 2343 2882 ,
2396 2813 2603 2880 quam
2636 2813 2794 2860 sane
2824 2812 2972 2859 me-

728 2875 817 2970 tri
853 2913 1083 2960 caussa
1123 2892 1405 2961 fecimus
1421 2942 1442 2979 ,
1494 2916 1705 2983 quum
1745 2894 1839 2962 ad
1881 2917 2146 2980 sensum
2188 2893 2542 2968 παναίολε
2553 2949 2583 2983 ,
2641 2902 2719 2962 nt
2743 2916 2970 2963 exem-

726 2994 865 3086 plis
909 2998 1377 3064 monstrarunt
1388 2997 1708 3066 Editores
1749 2997 2113 3102 doctissimi
2126 3047 2148 3084 ,
2211 2995 2625 3089 reprehendi
2662 3005 2969 3087 nequeat.

727 3096 875 3166 Sed
916 3097 1178 3167 adeone
1220 3120 1462 3189 parum
1500 3101 1604 3168 illi
1641 3111 1861 3171 metra
1890 3112 2174 3187 curant,
2239 3111 2316 3170 ιιι
2372 3102 2573 3170 etiam
2626 3124 2804 3192 quae
2861 3124 2969 3170 re-

725 3209 1037 3292 pugnent
1086 3210 1304 3269 metro
1317 3249 1339 3287 ,
1383 3201 1826 3282 defendenda
1866 3214 2109 3297 putent
2123 3204 2159 3272 ἓ
2222 3206 2380 3274 Νοιι
2425 3225 2649 3275 sumus
2693 3204 2968 3295 quidem

718 3326 851 3374 nos
900 3304 996 3371 ita
1036 3313 1404 3374 metrorum
1449 3304 1730 3375 studiosi
1745 3354 1767 3385 ,
1829 3317 1907 3376 ιιι
1946 3331 2085 3378 ιιοιι
2128 3331 2393 3378 sensum
2428 3308 2646 3399 prins,
2701 3317 2770 3378 et
2815 3331 2968 3378 eum

716 3407 1007 3497 quidem
1065 3416 1219 3477 ante
1268 3409 1497 3478 omnia
1542 3409 2041 3500 respiciendum
2097 3434 2518 3484 censeamus:
2601 3412 2726 3480 sed
2777 3413 2968 3496 metri

720 3510 906 3582 hanc
960 3521 1144 3583 certe
1202 3512 1341 3583 vim
1401 3535 1543 3581 esse
1598 3515 2030 3603 arbitramur,
2111 3524 2188 3584 nt
2238 3516 2328 3585 de
2374 3514 2537 3585 vitio
2584 3514 2968 3599 admoneat,

719 3617 983 3685 etiamsi
1026 3617 1247 3686 salvus
1282 3618 1366 3685 sit
1392 3640 1631 3686 sensus.
1711 3620 1940 3708 Atque
1968 3618 2110 3688 hoc
2139 3619 2414 3708 quidem
2453 3618 2522 3686 in
2554 3618 2965 3711 fragmento,

723 3719 916 3807 qnod
956 3743 1238 3790 numero
1278 3721 1638 3812 septimum
1681 3730 1787 3791 est
1824 3722 2011 3813 apud
2055 3722 2471 3806 Gesnerum,
2534 3731 2795 3792 tantum
2840 3724 2966 3791 ab·

725 3844 867 3889 esse
906 3826 1343 3915 putabamus,
1394 3835 1470 3894 ut
1508 3835 1796 3917 propter
1831 3848 2096 3894 sensum
2140 3826 2524 3895 emendatio
2567 3835 2795 3894 nostra
2834 3827 2966 3894 im-

722 3925 1081 4015 probanda
1112 3938 1312 4011 esset,
1365 3938 1438 3997 ut
1477 3954 1520 3999 a
1558 3953 1750 3999 sensu
1793 3929 2101 4002 nonnihil
2134 3931 2334 3999 etiam
2365 3929 2966 4002 commendationis

724 4026 1107 4097 habituram
1136 4033 1633 4119 speraverimus,
1737 4034 1933 4119 Quae
1973 4054 2134 4103 vero
2174 4035 2300 4101 tria
2337 4041 2738 4125 argumenta
2784 4043 2962 4102 attu-

721 4132 944 4199 lerunt
984 4131 1299 4202 Editor-es
1341 4137 1920 4225 praestantissimi,
1989 4138 2230 4227 quibus
2274 4137 2620 4228 vulgatam
2669 4139 2965 4228 scriptu-

722 4258 871 4307 ram
914 4233 1397 4322 defenderent,
1466 4262 1699 4308 eorum
1749 4241 2005 4310 nullum
2058 4250 2189 4326 est,
2253 4263 2392 4329 quo
2432 4240 2539 4326 id,
2604 4240 2796 4329 quod
2837 4261 2962 4309 vo-

722 4340 906 4424 lunt,
976 4338 1253 4408 efficere
1300 4363 1499 4431 posse
1544 4343 1914 4416 videantur.
2036 4346 2211 4412 Nam
2254 4343 2446 4433 quod
2493 4342 2584 4411 de
2626 4343 2962 4437 positione

725 4455 791 4513 et
837 4444 1074 4515 ordine
1111 4444 1471 4514 verborum
1512 4446 1682 4515 iusto
1730 4447 1995 4530 dicunt,
2064 4470 2268 4539 saepe
2301 4447 2422 4517 ille
2465 4448 2818 4543 neglectus
2855 4465 2967 4517 re·-
