3325 5317
759 495 887 559 18⁰
981 489 1088 557 DE
1128 488 1651 552 MYTHOLOGIA
1695 488 2176 553 GRAECORVM
2229 487 2775 565 AN'rlelssIMA

683 688 694 693 ’
758 686 937 756 quae
989 661 1199 731 littori
1259 661 1480 731 illisae
1536 684 1808 753 spumas
1866 668 2104 754 agnum
2216 662 2285 732 N
2285 686 2395 731 am
2441 663 2627 732 circa
2683 660 2999 753 scopulos

666 773 752 837 12
762 767 1053 837 maxime
1084 765 1199 834 vel
1226 767 1679 856 prominentes
1705 766 1817 835 vel
1858 766 2143 835 latentes
2170 775 2423 835 aestuat
2465 788 2670 834 mare.
2773 766 3005 833 Eece-³

757 871 931 940 dunt
976 892 1097 938 eae
1142 877 1367 939 autem
1427 879 1497 937 et
1540 870 1829 939 veniunt.
1935 870 2108 938 lude
2173 870 2421 955 altera,
2505 868 2696 959 quod
2753 869 2994 951 aufert,

756 997 934 1064 quae
974 982 1125 1042 sunt
1162 972 1232 1039 in
1279 972 1496 1057 vado,
1561 965 1931 1068 Πεφρηδοὶ
1945 1027 1972 1061 ,
2044 974 2428 1063 Auferona,
2495 970 2710 1053 dicta;
2785 972 2993 1039 altera

758 1087 984 1146 autem
1013 1101 1054 1145 a
1082 1073 1374 1144 verbo*
1328 1103 1428 1148 υω
1443 1130 1472 1164 ,
1522 1069 1759 1150 Ἐνυώ
1772 1130 1801 1164 ,
1853 1074 2224 1145 Inundona.
2327 1079 2395 1147 A
2422 1076 2610 1146 cuius
2636 1075 2736 1143 rei
2760 1062 3000 1147 simili-

756 1181 991 1249 tudine
1033 1181 1234 1248 etiam
1277 1180 1347 1246 in
1386 1179 1571 1247 bello
1616 1178 1863 1248 dicitur
1903 1173 2142 1252 Ἐνυώ
2156 1233 2184 1269 ,
2249 1189 2318 1248 et
2358 1180 2549 1247 Mars
2592 1170 2994 1257 Ἐνυάλιος.

757 1285 1073 1352 Fortasse
1103 1305 1237 1350 non
1277 1283 1576 1351 diversae
1611 1283 1699 1350 ab
1744 1281 1853 1350 his
1883 1292 2069 1350 erant
2083 1331 2104 1366 ‚
2149 1306 2323 1372 ‚quas
2348 1282 2761 1375 Augustinus
2803 1278 2994 1349 aliter

755 1388 1223 1478 interpretatus
1281 1395 1418 1470 est,
1466 1387 1756 1454 Abeona
1794 1393 1863 1453 et
1907 1384 2213 1454 Adeona.
2328 1386 2622 1454 Romani
2659 1383 2996 1453 Veniliam
3088 1400 3095 1405 “

757 1502 828 1560 et
865 1491 1198 1560 Salaciam
1258 1488 1721 1589 appellabant.
1842 1487 2158 1558 Secunda
2204 1490 2550 1583 generatio
2588 1486 2995 1580 complecti-

753 1605 865 1663 tur
902 1594 1301 1685 Gorgona,
1360 1615 1536 1682 quae
1575 1592 1785 1680 quum
1824 1591 2137 1662 dicuntur
2182 1595 2407 1691 πέρην
2437 1589 2831 1666 Ὠκεανοῖο
2863 1589 2996 1656 ha..

752 1698 1003 1781 bitare,
1056 1696 1228 1766 nihil
1273 1694 1347 1762 id
1402 1694 1589 1763 aliud
1630 1707 1765 1780 est,
1827 1718 2031 1783 quam
2076 1719 2216 1765 esse
2262 1719 2374 1764 eas
2420 1697 2492 1764 in
2538 1695 2768 1764 medio
2803 1692 2994 1762 mari.

752 1802 934 1869 Nam
984 1798 1334 1886 Oceanus,
1387 1798 1699 1888 deposita
1748 1799 1978 1867 diluvii
2032 1796 2556 1891 significatione,
2608 1821 2796 1867 mare
2844 1819 2995 1865 ma·-

754 1925 971 1994 gnum
1019 1910 1136 1970 est.
1188 1903 1296 1970 Ex
1338 1900 1473 1971 hac
1513 1926 1621 1986 re,
1676 1910 1743 1969 et
1773 1926 1856 1970 ex
1884 1904 2031 1994 ipsa
2061 1914 2297 1971 natura
2324 1902 2767 1994 Gorgonum,
2820 1922 2994 1990 quae
3030 1952 3037 1957 -

635 2032 639 2037 ’
754 2007 943 2097 ipsae
993 2027 1268 2096 quoque
1307 2005 1529 2093 undae
1570 2014 1752 2089 sunt,
1817 2016 2135 2098 apparet,
2203 2012 2410 2096 quare
2446 2005 2734 2074 Graeae'
2761 2025 2994 2076 earum

752 2103 1208 2204 προφύλακες
1275 2110 1362 2177 ab
1425 2109 1570 2177 aliis
1622 2108 1843 2178 dictae
1911 2111 2037 2177 sint
2079 2110 2178 2202 *).
2294 2109 2707 2200 Appellatae
2769 2116 2995 2177 autem

750 2211 911 2280 illae
938 2206 1324 2308 Γοργόνες,
1379 2212 1754 2298 Torvinae‚
1808 2213 2000 2303 quod
2028 2237 2318 2305 magnae
2334 2222 2503 2307 sunt,
2551 2213 2838 2302 ipsoque
2867 2208 2996 2278 ad*-

750 2324 989 2406 spectu
1018 2324 1285 2388 terrent.
1338 2315 1604 2383 Harum
1635 2316 1761 2383 tria
1802 2327 1952 2386 sunt
1999 2320 2305 2401 nomina,
2358 2341 2399 2384 a
2430 2316 2683 2407 triplici
2718 2315 2994 2382 natura}

750 2412 1078 2507 Σθεινοί,
1134 2418 1437 2509 Valeria,
1491 2444 1531 2488 a
1564 2419 1665 2500 νίς
1715 2415 2085 2519 Εὐρυάλη,
2136 2421 2527 2503 Lativolva‚
2570 2443 2611 2487 a
2649 2418 2995 2510 magnitu-

751 2522 944 2602 dine3
996 2522 1351 2595 Μέδουσα
1375 2572 1405 2601 ,
1458 2523 1823 2607 Guberna,
1877 2525 1964 2592 ab
1997 2547 2081 2592 eo
2115 2524 2303 2614 quod
2347 2522 2678 2592 undarum
2721 2540 2995 2594 cursum

747 2625 946 2717 regit.
985 2625 1169 2693 Hinc
1206 2625 1625 2718 intelligitur,
1658 2649 1780 2695 cur
1802 2625 1981 2696 haec
2008 2627 2343 2713 mor-talisi,
2391 2627 2549 2694 illae
2580 2625 2994 2693 immortales

750 2727 1079 2803 dicantur.
1180 2729 1359 2795 Nam
1398 2739 1466 2797 et
1510 2730 1606 2797 vis
1647 2729 1983 2799 undarum
2022 2752 2291 2821 semper
2334 2739 2558 2799 manet
2594 2729 2872 2814 eadem„
2914 2735 2997 2796 ‘et

748 2829 1128 2897 fluctuatioz
1190 2851 1417 2900 cursus
1470 2841 1699 2900 autem
1743 2843 2066 2921 mutatur,
2134 2835 2343 2903 ventis
2359 2882 2379 2917 ‚
2444 2835 2682 2902 annive
2724 2843 2995 2923 tempe—-

743 2932 1024 3000 statibus
1064 2936 1352 3002 mutatiS.
1465 2934 1828 3020 Medusam
1890 2931 2214 3032 Περσεύς
2231 2987 2253 3026 ,
2317 2937 2696 3022 PenetriuS‚
2767 2935 2996 3026 capite

746 3020 1084 3105 truncasse
1127 3034 1393 3105 dicitur.
1498 3037 1711 3123 Quod
1758 3039 1926 3130 quid
1974 3041 2161 3108 aliud
2204 3049 2341 3126 est,
2407 3062 2615 3132 quam
2657 3039 2994 3110 audacem

747 3138 1140 3231 quempiam
1184 3140 1310 3206 iter
1367 3149 1650 3210 tentasse
1704 3164 1879 3233 per
1878 3122 2231 3212 adversum
2276 3168 2545 3215 cursum
2609 3140 2997 3211 undarum?

748 3241 951 3310 Vnde
1007 3237 1392 3343 prosiluisse
1456 3254 1760 3313 narratur
1808 3223 2218 3342 Χρυσάωρ,
2299 3248 2670 3338 Auripeto‚
2735 3247 2854 3336 qui
2898 3253 2997 3314 est

747 3345 924 3415 lucri
976 3334 1263 3447 cupidus
1314 3338 1685 3435 mercator,
1738 3358 1807 3417 et
1850 3343 2279 3447 Πήγασος,
2267 3352 2627 3445 Pagulus‚
2693 3374 2737 3417 a
2779 3350 2995 3418 verbo

834 3627 890 3704 ¹'¹)
932 3625 1022 3685 De
1067 3624 1315 3702 Grada,
1376 3646 1635 3706 quarum
1664 3628 1849 3690 tertia
1880 3627 2064 3705 Dino,
2124 3649 2312 3710 quum
2354 3629 2625 3699 refluxus
2654 3625 2719 3684 in
2754 3624 2996 3686 fluxum

747 3708 886 3768 *vel
900 3720 1127 3771 contra
1182 3712 1556 3784 revolvitur,
1628 3733 1692 3775 v.
1748 3714 1916 3775 Misc.
1972 3716 2150 3775 Obss.
2206 3734 2347 3776 nov.
2407 3716 2453 3780 Ι.
2509 3721 2591 3782 3.
2632 3732 2697 3792 p·
2749 3715 2858 3778 75.
2912 3733 2993 3773 ss

755 3793 926 3865 Quae
959 3817 1183 3875 quum,
1220 3807 1292 3857 ut
1333 3794 1499 3877 apud
1537 3758 1908 3879 Aeschylum
1950 3801 2145 3860 Prom.
2190 3806 2336 3867 794.
2381 3820 2570 3860 unum
2613 3816 2996 3859 communem

756 3878 1000 3938 oculum
1062 3881 1419 3963 dentemque
1468 3883 1694 3943 habere
1739 3884 2052 3961 dicuntur,
2102 3895 2192 3946 est
2236 3887 2331 3956 id,
2382 3907 2570 3966 quum
2613 3882 2804 3942 altera
2846 3904 2997 3955 con-‚-

756 3961 1042 4041 spicitur,
1084 3985 1206 4024 non
1250 3969 1522 4048 conspici
1564 3970 1845 4048 alteram,
1889 3991 2073 4050 quum
2119 3972 2308 4031 altera
2350 3972 2620 4046 mordet,
2664 3987 2789 4026 ιιοιι
2831 3990 2996 4030 mor-

646 4070 650 4074 -
758 4046 910 4107 dere
956 4049 1224 4131 alteram.
1326 4053 1660 4115 Obscurius
1722 4065 1813 4131 et,
1883 4066 1956 4116 ut
1994 4055 2272 4132 videtur,
2326 4075 2402 4116 ex
2443 4075 2571 4118 non
2614 4052 2762 4115 satis
2810 4053 2998 4115 intel·
3084 4056 3087 4061 '
3176 4059 3183 4065 ”

756 4130 929 4191 lectis
971 4135 1365 4236 antiquorum
1431 4139 1922 4245 mythologorum
1978 4141 2177 4202 verbis
2243 4141 2348 4201 illa
2406 4141 2614 4203 addita
2670 4147 2851 4216 sunt,
2920 4163 2997 4217 ας

623 4272 632 4283 ,
760 4210 920 4281 ουθ·’
960 4211 1134 4297 ηλιος
1173 4221 1594 4304 προς-δέρκεται
1634 4219 1887 4305 α’κτῖσιν,
1931 4223 2070 4291 ovis
2109 4220 2393 4310 νύκτερος
2421 4221 2588 4309 μήνη
2625 4221 2997 4300 novb.Qu1-

741 4302 902 4364 ‘bus
918 4301 1238 4381 significari
1277 4307 1556 4388 videtur,
1602 4310 1836 4373 fluxum
1889 4320 1965 4372 et
1974 4312 2290 4374 refluxum
2330 4332 2444 4372 nec
2487 4311 2608 4373 diei
2648 4326 2766 4371 nec
2796 4294 3035 4372 noctis*

758 4388 1078 4470 proprium
1119 4410 1267 4469 esse,
1311 4393 1471 4471 quia,
1516 4415 1703 4475 quum
1743 4417 1866 4457 non
1888 4397 2038 4480 ipso
2078 4398 2182 4462 VI.
2226 4395 2514 4517 horarum
2555 4398 2757 4533 spatio
2794 4399 3000 4462 absol·

764 4483 978 4553 vatur,
1021 4495 1143 4555 ιιοιι
1184 4486 1387 4539 servat
1425 4478 1591 4542 vices
1632 4480 1888 4543 dierum.
