3325 5317
753 458 887 525 298
1294 453 1414 516 DE
1466 451 1757 517 MVsls
1809 452 2461 520 FLVVIALIBVS

753 636 1067 724 parentes
1109 650 1342 696 earum
1380 651 1464 699 ex
1505 626 1789 697 historia
1823 626 2177 698 Musarum
2220 651 2337 697 eos
2370 627 2652 721 eligeret
2669 675 2691 714 ,
2740 631 2859 719 qui
2906 630 2999 698 ad

752 733 941 805 huuc
983 733 1192 800 finem
1228 731 1554 824 aptissimi
1605 731 1986 801 viderentur
2001 780 2022 818 ,
2085 733 2360 801 Pierum
2405 742 2473 803 et
2520 732 2999 826 Pimpleidem‚

753 858 926 928 quos
980 836 1220 904 Latine
1258 836 1673 929 Pinguinum
1722 844 1790 903 et
1834 836 2302 928 Impletrinam
2345 835 2484 906 dici
2528 836 2710 907 licet.
2812 838 2993 907 Nam

751 939 931 1010 haec
975 939 1233 1030 duplex
1270 949 1370 1009 est
1412 940 1833 1031 piscosorum
1863 938 2212 1008 fluminum
2259 934 2406 1013 laus
2422 987 2443 1023 ‚
2494 940 2550 1007 si
2602 949 2673 1007 et
2711 941 2993 1032 pingui-

749 1043 984 1113 tudine
1026 1043 1315 1135 piscium
1361 1053 1432 1112 et
1488 1044 1695 1134 copia
1750 1044 2117 1113 excellunt:
2182 1043 2340 1113 vide
2380 1041 2816 1112 Herodotum
2866 1043 2986 1113 lv.

749 1142 874 1216 53.
975 1147 1083 1215 Ne
1112 1148 1264 1236 quis
1302 1147 1520 1216 rideat
1551 1147 1737 1214 hanc
1777 1146 2159 1217 citationem
2178 1195 2199 1233 ,
2255 1147 2638 1216 meminerit
2681 1145 2986 1237 philolo-

748 1253 855 1345 gis
898 1248 1076 1321 haec
1092 1260 1097 1267 ’
1114 1250 1315 1320 scribi
1332 1300 1353 1338 ,
1420 1250 1613 1319 aliter
1655 1248 1850 1319 haud
1891 1250 2095 1319 facile
2137 1249 2506 1321 credituris
2608 1248 2988 1319 Consuetu-

747 1355 974 1423 dinem
1010 1353 1294 1447 piscium
1330 1356 1682 1453 gregatim·
1713 1353 2053 1446 migrandi
2096 1355 2322 1425 nescio
2371 1378 2458 1423 an
2505 1355 2710 1422 etiam
2751 1354 2821 1422 in
2852 1376 2983 1422 no-

745 1458 937 1527 minis
963 1456 1318 1526 Musarum
1351 1458 1803 1551 explicatione
1842 1459 2242 1553 spectaverit
2279 1455 2756 1549 Epicharmus.
2822 1459 2987 1527 Ser-

747 1562 890 1631 vius
922 1562 1014 1630 ad
1043 1563 1215 1632 Aen.
1249 1561 1305 1629 1.
1344 1561 1418 1629 8.
1461 1560 1658 1631 dicit:
1710 1561 1848 1630 has
1878 1561 2138 1632 Musas
2174 1561 2461 1632 Siculus
2500 1559 2989 1653 Epicharmus

746 1688 884 1734 mm
931 1664 1232 1750 multas,
1278 1664 1412 1734 sed
1453 1661 1909 1755 ὁμουνούσας
1955 1665 2148 1755 dicit.
2268 1658 2756 1737 Scrib'endum:
2852 1663 2988 1733 has

747 1767 1006 1838 Musas
1035 1766 1320 1838 Siculus
1346 1766 1837 1859 Epicharmus
1866 1790 2003 1836 mm
2030 1766 2323 1858 Musas,
2373 1769 2505 1839 sed
2544 1764 2739 1859 ὁμοῦ
2771 1763 2989 1848 οὔσας

746 1871 942 1939 dicit.
1043 1868 1241 1941 Haec
1281 1870 1608 1939 derivatio
1647 1871 1909 1963 placuit
1951 1871 2154 1941 etiam
2191 1873 2333 1941 aliis
2347 1925 2368 1961 ‚
2418 1880 2493 1941 ut
2539 1871 2713 1939 serio
2754 1870 2986 1937 Musas

746 1973 938 2063 quasi
994 1968 1191 2065 ὁμοῦ
1234 1972 1454 2072 οὔσᾳς
1495 1972 1706 2045 dictas
1755 1984 2089 2065 putarent.
2189 1974 2374 2045 Vide
2418 1973 2712 2065 exempli
2756 1995 3043 2065 caussa(

655 2079 739 2141 12
748 2068 1188 2147 Plutarchum
1242 2078 1334 2147 de
1395 2100 1628 2147 amore
1683 2077 1980 2148 fraterno
2039 2102 2109 2171 p.
2158 2079 2335 2154 480.
2418 2079 2502 2148 F.
2602 2077 2747 2146 Nisi
2807 2076 2986 2144 forte

747 2177 944 2274 ὁμοῦ
991 2173 1308 2263 ναούσας
1351 2181 1827 2276 Epicharmus.
1928 2182 2122 2252 Nihil
2188 2183 2397 2253 addo.
2498 2178 2673 2251 Satis
2728 2190 2862 2265 est,
2931 2179 2986 2247 si

743 2285 1078 2354 cavebunt
1124 2284 1416 2375 posthac
1454 2284 1845 2380 mythologi
1859 2335 1883 2374 ‚
1931 2304 2021 2355 ne
2060 2287 2398 2380 nymphas
2442 2282 2795 2355 fluviatiles
2816 2283 2986 2351 Mu-
3055 2328 3066 2339 -

741 2411 848 2457 sas
895 2398 1039 2457 esse
1079 2387 1508 2458 contendant.
2345 2394 2351 2403 “
2794 2410 2802 2416 ·
2855 2392 2858 2401 “

945 2592 1218 2664 Vellem
1270 2617 1436 2665 vero
1487 2594 1691 2664 etiam
1728 2593 2004 2664 Eumeli
2049 2586 2308 2662 ‘Musae
2368 2601 2510 2662 tam
2557 2592 2793 2662 faciles
2843 2614 2984 2661 sese

740 2698 1167 2789 praeberent.
1284 2698 1428 2767 Sed
1472 2698 1545 2766 in
1583 2696 1693 2766 his
1731 2690 1939 2785 illud,
2004 2697 2196 2788 quod
2240 2696 2429 2766 initio
2474 2697 2825 2781 dicebam,
2875 2694 2984 2763 fa-

743 2800 1064 2870 ciendum
1100 2801 1257 2887 erit,
1302 2810 1387 2871 ‘ut
1419 2822 1559 2871 non
1586 2801 1944 2871 inscienter
1965 2802 2227 2872 'nescire
2254 2822 2412 2890 noS,
2463 2799 2631 2890 quid
2671 2801 2845 2868 istuc
2885 2798 2983 2866 rei

741 2903 862 2989 sit,
908 2905 1388 2976 confiteamur.
1505 2906 1615 2976 De
1669 2903 1812 2976 hoc
1859 2906 2156 2976 Eumelo
2198 2904 2481 2974 videndi
2530 2903 2847 2996 Scaliger
2895 2898 2983 2971 ad

741 3007 993 3076 Euseb.
1055 3007 1310 3079 Chron.
1371 3031 1444 3101 p.
1508 3008 1609 3105 71
1682 3033 1821 3100 seq.
1840 3058 1863 3097 ,
1954 3010 2320 3079 Salmasius
2381 3009 2453 3076 in
2506 3009 2750 3077 Exere.
2807 3004 2976 3074 Plin.

739 3122 820 3201 p.
845 3108 998 3179 602
1029 3135 1169 3202 seq.
1190 3162 1211 3200 ,
1264 3112 1745 3182 Groddeckius
1786 3116 1858 3183 in
1898 3102 2337 3183 Bibliotheca
2375 3112 2613 3182 veteris
2647 3108 2976 3179 litteratu-

600 3302 605 3309 ί
740 3235 861 3312 rae
886 3223 978 3299 *et
1019 3215 1176 3282 artis
1219 3212 1422 3284 Parte
1464 3216 1554 3285 ΙΙ.
1601 3241 1674 3308 p.
1704 3210 1809 3285 94
1856 3240 1996 3307 seq.
2048 3218 2166 3307 qui
2212 3236 2383 3308 quos
2415 3225 2724 3286 auctores
2759 3210 2977 3298 affert,

740 3314 821 3384 iis
883 3313 1183 3387 addendi
1240 3341 1373 3387 van
1433 3316 1669 3387 Goens
1743 3318 1833 3388 ad
1884 3321 2226 3413 Porphyr.
2300 3320 2391 3389 de
2461 3330 2627 3388 antr.
2697 3315 2976 3409 nymph.

624 3500 629 3509 ἱ
740 3442 812 3512 p.
866 3418 1039 3489 104.
1081 3422 1152 3490 b.
1199 3421 1404 3492 Gesn.
1438 3421 1529 3490 ad
1558 3422 1754 3490 Varr.
1793 3422 1888 3490 de
1926 3424 2015 3492 R.
2059 3424 2146 3493 R.
2192 3422 2282 3494 11.
2327 3421 2401 3511 5,
2454 3422 2524 3492 5.
2576 3416 2975 3491 Mellmann.

742 3524 833 3594 de
895 3526 1138 3594 caussis
1188 3535 1256 3596 et
1315 3526 1694 3595 auctoribus
1755 3537 1999 3597 narrat.
2065 3529 2155 3597 de
2227 3538 2392 3598 mut.
2447 3528 2650 3596 form.
2722 3540 2796 3616 p.
2853 3521 2974 3596 61.

739 3626 1022 3722 Scripsit
1060 3630 1117 3700 is
1164 3623 1550 3727 προςόδιον
1601 3632 1673 3700 in
1732 3631 2019 3718 Delum,
2088 3632 2278 3722 quod
2338 3631 2558 3711 solum
2615 3629 2978 3724 genuinum

741 3753 885 3800 esse
925 3732 1201 3803 iudicat*
1237 3734 1597 3803 Pausanias
1624 3734 1768 3804 JV.
1815 3735 1906 3823 4,
1958 3734 2027 3803 1.
2082 3736 2192 3806 cui
2237 3735 2321 3804 V.
2372 3735 2510 3819 19,
2564 3733 2630 3801 2.
2694 3741 2979 3825 propter

738 3831 881 3902 hoc
913 3856 1187 3905 carmen
1233 3837 1435 3905 etiam
1476 3838 1970 3931 epigrammata
2020 3840 2090 3908 in
2119 3861 2288 3933 *arca
2333 3839 2613 3933 Cypseli
2646 3838 2793 3906 iure
2832 3832 2977 3905 Eu·-

739 3936 945 4007 m‘elo·
966 3938 1256 4008 adscribi
1297 3956 1501 4031 posse
1548 3940 1971 4011 videbantur.
2093 3943 2252 4011 Non
2301 3942 2544 4013 dubito
2588 3960 2754 4011 enm
2809 3954 2975 4032 pro-

738 4046 977 4130 pterea
1004 4032 1100 4109 it'a
1123 4044 1363 4114 sentire
1379 4093 1400 4131 ,
1453 4046 1644 4134 quod
1676 4045 1856 4115 haec
1881 4046 2392 4153 epigrammata,
2433 4060 2742 4136 quomm-
2753 4060 2975 4133 quae-

740 4138 901 4210 dam
946 4142 1145 4212 affert
1184 4154 1251 4214 et
1286 4148 1355 4215 in
1392 4148 1515 4219 illo
1559 4158 1629 4218 et
1670 4151 1741 4218 in
1784 4151 2239 4241 praece'den‘te
2279 4151 2538 4241 capite,
2604 4148 2860 4242 parl'ter
2905 4154 2976 4214 ut

684 4346 689 4351 ψ
737 4245 909 4315 illud
937 4240 1377 4345 --προςόδιον,
1429 4274 1513 4322 ex
1557 4275 1697 4343 quo
1743 4252 1918 4329 duos
1964 4279 2191 4325 versus
2236 4250 2521 4346 protulit
2557 4248 2680 4328 lv,
2711 4248 2852 4337 333
2905 4247 2973 4315 2.

739 4350 994 4420 Dorica
1033 4349 1329 4424 dialecto
1356 4358 1609 4447 scripta
1642 4366 1863 4444 eraut,
1914 4377 2130 4448 quum
2151 4368 2436 4448 caetera,
2483 4381 2664 4448 quae
2681 4354 2977 4431 Eumelo

739 4455 1202 4527 tribuebantur
1217 4504 1239 4541 ,
1325 4458 1593 4553 epicam
1640 4461 2008 4533 dialectum
2065 4463 2440 4534 haberent-
2511 4463 2693 4533 Sunt
2756 4468 2981 4529 atatem
