3325 5317
1693 485 2086 549 cAnMEN

1073 662 1340 754 Vrgent
1393 663 1707 749 potentes
1752 656 2033 728 consilio
2090 657 2249 728 viri:

1075 765 1300 857 Vrget
1344 758 1848 831 Melanchthon
1866 808 1889 845 ‚
1956 768 2163 850 atque
2220 760 2416 853 operi
2446 782 2683 854 ‘sagax

1176 870 1507 938 Hortator
1550 865 1957 954 adiutorque
1974 910 1998 948 ‚
2049 862 2189 933 leni
2410 908 2414 913 -

1277 968 1560 1063 mitigat
1600 968 1901 1059 alloquio
1935 975 2291 1042 tumentes.

1079 1245 1231 1314 Nee
1273 1242 1496 1335 segnis
1541 1243 1760 1311 adstat
1799 1242 2004 1311 tortis
2045 1263 2286 1332 eques,
2336 1241 2487 1310 fero

1079 1348 1441 1438 Promptas
1485 1345 1720 1415 duello
1755 1346 2117 1437 proiieiens
2159 1348 2371 1427 minas
2386 1393 2411 1431 ‚

1183 1451 1457 1522 Vlrious
1472 1499 1496 1558 ,²
1546 1449 1872 1519 iracunda
1903 1450 2105 1518 velox

1284 1550 1485 1624 Ore
1485 1575 1828 1644 manuque
1873 1553 2142 1622 vibrare
2196 1551 2354 1623 tela.

1081 1827 1339 1901 omnes
1394 1825 1468 1893 in
1508 1844 1719 1893 annos
1764 1831 1837 1890 tu
1879 1841 2157 1919 quoque
2203 1823 2487 1914 posteris

1084 1932 1326 2004 clarus
1364 1926 1635 2010 fereda,
1718 1932 2001 2017 pectore
2048 1926 2168 2013 qui
2214 1926 2377 2018 pio,

1185 2032 1469 2106 calvino
1482 2078 1506 2116 ‚
1577 2028 1894 2099 defensor
1930 2026 2155 2099 fidelis

1284 2132 1632 2207 Exstiteris
1674 2131 2104 2220 monitorque
2140 2130 2344 2218 recti,

964 2478 967 2485 .
1081 2410 1258 2480 Late
1302 2414 1651 2500 patentem
1695 2428 1833 2496 qua
1871 2402 2255 2477 Rhodanus
2297 2405 2513 2475 virens

1083 2512 1362 2603 Linquit
1404 2510 1783 2592 Lemanum
1798 2558 1820 2595 ,
1890 2517 1959 2577 et
2022 2507 2377 2580 verticibus
2433 2506 2675 2593 εαοιίε,

1189 2615 1435 2688 Vicina
1480 2623 1764 2704 tangens
1821 2611 2020 2703 Alpis
2064 2620 2243 2680 astra

1287 2718 1484 2789 Luce
1529 2717 1699 2805 niyis
1747 2738 1945 2787 rosea
1987 2714 2322 2809 refulget„

1082 2990 1235 3063 Nee
1269 2998 1349 3061 tu
1389 2989 1677 3081 perime,
1741 2996 1983 3082 sponte
2021 2997 2142 3060 tua
2191 2987 2341 3081 iugi

1080 3093 1380 3164 Eversor
1418 3093 1634 3186 aspri,
1684 3114 1816 3185 pro
1868 3092 2089 3185 patria
2135 3092 2333 3160 simul

1185 3198 1284 3267 Et
1339 3217 1472 3289 pro
1517 3196 1660 3264 fide
1676 3247 1698 3284 ,
1749 3196 2023 3290 Zvingli
2037 3243 2059 3282 ,
2108 3204 2368 3265 saerata
2589 3269 2600 3276 ,

1278 3298 1564 3371 -Inelitm
1621 3298 1990 3391 oppetiisse
2043 3306 2333 3369 mortem
2349 3344 2371 3383 ‚
2477 3370 2484 3377 ,

1088 3569 1402 3644 Dicendo
1447 3569 1703 3641 cunctis
1747 3570 2079 3664 plurime,
2130 3570 2254 3641 sed
2298 3570 2515 3666 magis

1084 3677 1270 3762 luis,
1337 3694 1655 3746 amoenas
1696 3675 1788 3744 ad
1834 3674 2028 3744 vitrei
2078 3673 2267 3746 lacus

1194 3778 1376 3851 otas
1429 3779 1553 3847 sub
1591 3779 1869 3869 antiquo
1919 3777 2105 3847 beati

1299 3881 1441 3969 Qui
1485 3880 1747 3954 Turieo
1785 3902 2084 3975 posuere
2110 3880 2366 3953 sedem.

1097 4171 1344 4265 Teque
1360 4221 1384 4261 ,
1434 4195 1479 4243 o
1528 4194 1659 4267 per
1680 4172 1944 4242 ⁴orbem
1995 4170 2114 4263 qui
2160 4167 2449 4262 Sapiens
2496 4166 2683 4241 elues
2697 4216 2720 4254 ‚

1001 4314 1010 4325 ·
1101 4276 1459 4368 Regnator
1503 4278 1732 4347 almae
1768 4274 2137 4360 saxoniae,
2190 4274 2363 4342 satis.
2425 4346 2438 4361 ‚

1201 4379 1373 4465 Quis
1418 4380 1689 4466 laudet,
1755 4388 2024 4448 aeterna
2075 4377 2406 4448 decorum

1304 4481 1602 4556 Fronde·
1628 4492 1876 4577 caput5
1921 4482 2293 4571 meritaque
2338 4479 2534 4547 lauru
2549 4476 2588 4546 ἓ
