3325 5317
754 487 888 555 m
968 483 1084 547 DE
1132 480 1661 545 HISTORIAE
1707 480 2160 545 GRAECAE
2212 481 2783 546 PRIMORDIIS

756 651 1133 753 potiundae
1160 652 1348 724 navis
1380 654 1812 744 exemissent,
1863 662 1933 724 et
1972 653 2103 747 ipsi
2150 652 2220 722 in
2265 654 2538 724 illorum
2566 664 2992 751 potestatem,

751 783 1048 855 quorum
1099 782 1184 829 ea
1216 758 1402 826 navis
1448 768 1623 846 erat,
1685 759 2048 844 venisseut,
2112 757 2480 828 familiares
2523 760 2774 851 factos,
2824 786 2992 855 pro-

756 868 981 961 priam
1022 863 1363 954 accepisse
1387 862 1603 932 ‘illam
1643 885 1911 938 navem.
2013 862 2352 951 Reliquae
2391 864 2781 934 Naucularii
2810 868 2992 939 filiae

756 991 971 1060 quum
1010 966 1374 1037 victoribus
1419 967 1493 1034 in
1539 966 1825 1036 solemni
1884 966 2250 1036 certamine
2301 975 2591 1059 nuptum
2638 969 2843 1039 datae
2887 971 2995 1039 di-

757 1081 1030 1157 cuntur,
1082 1071 1175 1139 de
1223 1092 1361 1159 qua
1403 1092 1480 1140 re
1528 1070 1920 1162 explicatius
1964 1069 2226 1162 scripsit
2261 1070 2591 1139 Pindarus
2635 1073 2843 1163 Pyth.
2877 1074 2995 1143 lx.

759 1172 934 1246 195.
974 1173 1147 1244 nihil
1186 1171 1376 1242 aliud
1423 1193 1631 1263 quam
1677 1174 1970 1245 refectas
2030 1196 2173 1242 esse
2215 1196 2483 1263 quassas
2533 1198 2736 1246 naves
2788 1186 2859 1246 et
2906 1169 2997 1246 ad

757 1279 1223 1349 defensionem
1262 1276 1610 1347 instructas
1644 1277 1996 1348 indicatur.
2101 1274 2349 1346 Obiter
2394 1276 2582 1346 addo
2599 1330 2619 1367 ,
2687 1289 2848 1349 nota
2886 1280 3002 1349 illa

758 1381 1144 1452 Danaidum
1205 1380 1394 1473 apud
1444 1382 1704 1450 inferos
1764 1403 1993 1474 poena
2058 1390 2308 1449 sortem
2370 1382 2638 1450 navium
2685 1381 2997 1471 describi,

761 1510 939 1576 quae
977 1487 1100 1555 ubi
1130 1486 1201 1552 in
1247 1485 1569 1576 scopulos
1599 1485 1816 1554 illisae
1849 1484 2164 1553 fatiscunt
2182 1532 2203 1571 ‚
2259 1505 2532 1554 omnem
2562 1485 2999 1557 exhauriendi

759 1591 1070 1659 laborem
1121 1587 1421 1658 eludunt.
3012 1579 3015 1586 ’

967 1795 1224 1864 Iterum
1260 1792 1380 1863 hic
1427 1791 1604 1860 duae
1649 1792 1925 1861 fabulae
1958 1792 2029 1860 in
2067 1814 2271 1860 unam
2304 1793 2723 1864 coniunctae.
2827 1796 3003 1864 Nam

761 1907 838 1970 ut
874 1897 1124 1968 fuerint
1139 1945 1160 1982 ‚
1240 1897 1360 1986 qui
1407 1919 1491 1965 ex
1540 1899 1870 1988 Aegypto
1912 1904 2201 1987 propter
2245 1898 2553 1966 Arabum
2594 1898 3003 1968 incursiones

761 2006 993 2095 Argos
1035 2000 1514 2093 confugerent,
1585 2001 1716 2091 (sic
1758 2008 1983 2069 autem
2025 2000 2213 2067 fama
2258 2010 2403 2069 erat
2443 2001 2627 2093 apud
2676 2003 3003 2094 Argivos)

759 2116 835 2175 at
872 2105 1021 2196 quis
1048 2106 1252 2173 etiam
1287 2104 1581 2172 Arabiae
1612 2104 1871 2193 equites
1900 2105 2131 2194 Argos
2154 2104 2412 2173 venisse
2439 2104 2678 2174 credat
2691 2105 2725 2173 ἓ
2770 2107 3006 2196 ltaque

759 2210 882 2301 qui
926 2209 1095 2280 illuc
1138 2200 1639 2302 ,Αἰγυπτιοῖδαι
1695 2207 1949 2277 venisse
1998 2206 2341 2293 dicuntur,
2424 2209 2807 2300 praedones
2855 2217 3006 2281 sunt

760 2312 1075 2384 maritimi
1090 2361 1114 2400 ‚
1163 2335 1207 2380 a
1237 2311 1602 2404 navigandi
1642 2311 1982 2384 celeritate
2008 2311 2102 2378 ita
2140 2311 2384 2380 vocati.

968 2520 1136 2590 Post
1168 2518 1482 2587 Danaum
1527 2517 1735 2610 Argis
1770 2539 2062 2609 regnans
2103 2518 2418 2608 Lynceus
2457 2540 2540 2587 ex
2571 2517 3007 2609 Hypermne-

763 2633 902 2694 stra
955 2645 1168 2694 uxore
1200 2620 1546 2715 Ἀβαντα
1564 2675 1581 2702 ,
1634 2623 2080 2706 Nebitonem‚
2147 2623 2425 2713 genuit,
2476 2622 2594 2711 qui
2643 2629 2726 2689 ex
2773 2621 3005 2695 Μαν-

763 2730 1046 2808 τίνεως,
1099 2726 1430 2809 Vaticini,
1478 2725 1622 2793 filia
1648 2721 2013 2819 ’final-613⁶,
2067 2722 2397 2809 Convola
2449 2724 2759 2817 geminos
2787 2745 3009 2794 susce·-

764 2831 907 2923 pit,
955 2825 1335 2926 Ἀκρίσιον
1363 2836 1432 2896 et
1461 2830 1832 2923 Προῖτον,
1882 2828 2416 2918 Inseparantium
2450 2838 2521 2897 et
2561 2825 3008 2898 Proficiscen-

762 2934 971 3001 tium:
1030 2932 1075 2999 i.
1126 2953 1184 2999 e.
1230 2930 1613 3023 praedones
1672 2953 1801 3022 per
1839 2933 2184 3001 connubia
2227 2954 2384 3002 cum
2420 2932 2532 3018 iis,
2599 2953 2893 3021 quorum
2941 2929 3011 2998 in

763 3043 1170 3130 potestatem
1213 3043 1566 3119 venerant,
1632 3035 1895 3104 iunctos
1936 3056 2074 3123 non
2118 3036 2408 3129 amplius
2455 3035 2547 3104 de
2586 3036 2773 3105 abitu
2812 3034 3011 3128 cogi·-

764 3151 939 3209 tasse
957 3186 978 3223 ,
1029 3138 1153 3207 sed
1183 3148 1427 3230 postea
1453 3147 1741 3229 propter
1779 3139 2164 3209 vaticinium
2207 3138 2558 3229 quoddam
2594 3146 3014 3232 congregata

764 3241 1197 3313 multitudine
1237 3250 1503 3333 partem
1534 3264 1840 3328 manere,
1891 3251 2158 3334 partem
2202 3243 2393 3310 abire
2422 3243 2819 3313 decrevisse.
2920 3243 3013 3311 Et

715 3400 723 3413 .
766 3347 912 3416 abit
949 3344 1487 3416 Proficiscentius
1531 3344 1602 3411 in
1644 3343 1932 3418 Λυκίαν
1949 3393 1970 3430 ,
2019 3344 2305 3416 Luciam
2321 3393 2342 3433 ‚
2392 3346 2436 3413 i.
2491 3369 2549 3415 e.
2602 3346 2724 3414 nisi
2779 3344 3010 3429 fallor,

684 3504 689 3508 .
766 3450 1098 3521 orientem
1140 3472 1391 3519 versus.
1492 3448 1985 3539 Inseparantius
2004 3469 2011 3478 ·
2030 3457 2257 3518 autem
2291 3470 2575 3517 uxorem
2610 3449 2805 3518 ducit
2843 3443 3013 3522 Εὖ-

765 3552 1062 3655 podiam*
1074 3607 1105 3644 ,
1158 3552 1591 3636 Latiiuriam,
1641 3553 2233 3646 Λακεδαίμονος,
2287 3552 2402 3626 Dii
2431 3553 2745 3638 Locutii,-
2779 3546 3012 3637 filiam,

767 3677 851 3727 ex
892 3680 1029 3748 qua
1073 3650 1386 3754 Δαναήν
1405 3704 1427 3742 ,
1493 3655 1970 3727 Nauculariam
1994 3701 2015 3741 ,
2080 3657 2410 3748 suscepit:
2477 3678 2617 3745 quo
2669 3655 3014 3749 significa·-

717 3799 722 3804 ‚
763 3768 909 3846 tur,
972 3771 1318 3830 manentes
1359 3762 1431 3829 in
1470 3760 1723 3853 patria,
1795 3759 2216 3847 deorumque
2256 3759 2358 3828 ius
2415 3769 2644 3830 sancte
2690 3761 3013 3844 colentes,

765 3863 1184 3956 navigationi
1244 3886 1531 3956 operam
1580 3859 1867 3936 dedisse.
1952 3862 2117 3931 sed
2164 3863 2594 3953 praedixerat
2641 3864 3015 3947 oraculum,
3068 3887 3075 3896 ⁸

765 3967 1247 4057 interemptum
1287 3968 1370 4035 iri
1409 3967 1943 4060 Inseparantium
1989 3991 2032 4035 a
2060 3975 2311 4057 nepote
2357 3988 2518 4035 suo:
2573 3988 2824 4058 nempe
2866 3988 3014 4033 me-

765 4068 1100 4138 tuendum
1145 4079 1323 4156 erat,
1375 4094 1464 4141 ne
1494 4071 1953 4164 navigantium
2002 4070 2410 4141 commercia
2423 4118 2445 4156 ‚
2497 4070 2707 4140 auctis
2746 4069 3015 4160 opibu3‚

769 4172 1303 4245 dominationem
1359 4175 1863 4267 opulentiorum
1919 4173 2260 4242 afferrent.
2274 4203 2291 4233 .·
2363 4174 2568 4242 Vnde
2610 4167 3017 4242 Naucularia

771 4275 1140 4369 diligenter
1182 4279 1532 4347 observata
1547 4326 1568 4363 ‚
1635 4279 1807 4365 sive,
1867 4287 1945 4346 ut
1980 4286 2232 4369 poetae
2289 4276 2593 4346 dixerunt
2606 4325 2626 4362 ,
2688 4278 2854 4345 turri
2911 4275 3020 4343 in·-

676 4391 764 4454 14
774 4381 963 4452 clusa
1001 4388 1121 4449 est.
1224 4380 1680 4452 Nihilominus
1728 4406 1810 4478 ea
1854 4405 2020 4450 auro
2063 4391 2385 4474 corrupta
2444 4380 2763 4470 concepit
2809 4384 3016 4476 Περ-

771 4486 902 4561 σεὀι
920 4532 941 4572 ,
1008 4485 1434 4572 Penetrium,
1500 4485 1640 4554 sive
1694 4485 2250 4579 Expugnantium
2311 4484 2542 4555 dicere
2594 4483 2823 4554 malis:
2886 4503 3020 4572 qua
3062 4569 3065 4576 J
