3325 5317
745 481 878 546 268
959 478 1063 539 DE
1103 479 1181 542 R.
1222 476 1610 539 BENTLEIO
1651 476 1991 553 EIVSQVE
2024 477 2396 564 EnmoNE
2432 479 2802 542 TERENTII

746 673 855 721 res
908 645 1062 742 illos
1079 700 1100 736 ‚
1186 672 1229 716 a
1290 647 1532 735 quibus
1589 648 1784 715 aliter
1859 668 2102 716 vereor
2146 657 2222 717 ut
2273 641 2588 719 immunis
2632 655 2995 722 mansisset:

741 752 959 841 Quod
1002 752 1057 820 si
1095 751 1184 827 in,
1211 750 1493 843 singulis
1535 750 1947 842 quibusdam
1979 751 2151 822 loeis
2189 761 2306 821 aut
2344 755 2645 854 versibus
2690 758 2997 826 Terentii

630 921 639 931 .
747 858 835 927 ab
879 865 1067 925 recta
1118 865 1490 924 metrorum
1539 856 1802 924 ratione
1869 855 2200 925 aberravit
2215 903 2237 942 ,
2303 855 2483 930 haec
2523 882 2660 927 non
2703 870 2804 929 est
2851 862 2993 930 eius

744 960 1064 1030 metricae
1104 958 1419 1054 scientiae
1456 959 1796 1047 quaedam
1844 958 2242 1050 perversitas
2255 1007 2278 1045 ,
2341 961 2462 1033 sed
2498 962 2590 1033 de
2635 964 2858 1033 verbis
2901 964 2993 1033 ad

744 1073 965 1134 metra
1001 1062 1598 1134 accommodandis
1631 1085 1922 1155 pravum
1951 1062 2299 1139 iudicium.

951 1270 1191 1360 Itaque
1230 1278 1305 1338 ut
1347 1269 1581 1361 paucis
1619 1268 2204 1361 eomprehendam
2217 1317 2239 1356 ,
2299 1269 2395 1340 sie
2421 1268 2867 1342 iudicabimus
2902 1273 2992 1344 de

745 1374 1060 1446 Bentleio
1073 1422 1096 1460 ,
1145 1374 1215 1442 in
1242 1375 1442 1443 rebus
1484 1372 1818 1442 historicis
1855 1374 2159 1445 criticum
2201 1395 2359 1442 eum
2390 1396 2534 1442 esse
2578 1378 2992 1467 perfectissi-

746 1501 973 1560 mum3
1034 1479 1106 1546 in
1150 1478 1553 1569 scriptorum
1600 1486 1827 1545 autem
1873 1486 2176 1548 veterum
2192 1524 2214 1563 ,
2281 1487 2638 1569 poetarum
2682 1482 2991 1567 maxime,

747 1581 1218 1652 emendatione
1266 1582 1653 1672 saepissime
1695 1582 1981 1650 abusum
2025 1604 2168 1650 esse
2205 1580 2459 1650 iudicio
2511 1604 2632 1650 suo
2650 1631 2672 1668 ,
2732 1584 2828 1653 ita
2885 1594 2995 1653 ta-

746 1710 905 1757 men
922 1734 943 1772 ,
1011 1693 1088 1754 ut
1135 1686 1341 1760 etiam
1400 1684 1517 1753 ubi
1566 1693 1780 1768 errat,
1847 1685 1915 1753 in
1955 1684 2477 1753 demonstranda
2523 1685 2992 1757 defendenda-⁵

746 1813 884 1879 que
942 1789 1265 1855 sententia
1313 1810 1432 1854 sua
1484 1786 1892 1856 admirabilis
1943 1787 2026 1856 sit
2035 1798 2075 1879 3*
2129 1788 2451 1878 denique,
2516 1789 2638 1858 ubi
2688 1814 2846 1860 eum
2892 1792 2993 1860 rei

745 1902 985 1962 natura
1053 1913 1137 1960 ac
1210 1893 1566 1960 necessitas
1645 1890 1984 1979 quaedam
2062 1890 2150 1961 ad
2220 1891 2445 1961 solum
2509 1916 2772 1963 sensum
2852 1895 2991 1963 veri

743 1994 1141 2087 redegerat,
1204 1994 1393 2063 nulla
1435 1993 1688 2065 iudicio
1736 1995 2059 2066 abutendi
2107 1996 2312 2086 copia
2352 1996 2587 2067 relicta
2602 2048 2625 2086 ,
2677 1999 2991 2068 eximium

749 2120 1068 2191 conspici.

695 2327 743 2389 3
851 2287 866 2304 ’
956 2305 1100 2375 Iam
1146 2275 1310 2374 vero
1364 2304 1555 2395 quod
1611 2304 1703 2374 ad
1761 2306 1900 2375 eius
1955 2307 2322 2377 editionem
2375 2287 2679 2375 Terentii
2739 2296 2991 2394 attinet,

745 2411 839 2480 de
881 2434 1018 2500 qua
1050 2409 1240 2504 quod
1276 2408 1364 2477 ad
1393 2433 1540 2478 rem
1585 2411 1939 2479 metricam
1966 2420 2226 2502 spectat
2264 2408 2434 2501 quid
2473 2413 2805 2498 sentirem,
2854 2433 2991 2480 non

744 2537 882 2583 uno
948 2515 1110 2584 loco
1179 2513 1249 2581 in
1305 2512 1450 2602 his,
1530 2536 1708 2603 quae
1759 2513 1849 2584 de
1901 2516 2130 2585 metris
2190 2514 2461 2605 scripsi,
2540 2515 2988 2606 significatum

746 2629 883 2704 est,
936 2618 1026 2686 de
1065 2641 1147 2686 ea
1179 2618 1368 2707 quod
1400 2639 1605 2709 supra
1649 2617 2031 2704 dicebam,
2061 2618 2276 2688 multo
2311 2640 2423 2686 me
2448 2616 2640 2685 aliter
2669 2618 2987 2706 iudicare,

746 2745 952 2812 quam
991 2721 1109 2788 Fr.
1153 2722 1241 2790 A.
1286 2714 1619 2789 Wolfium
1638 2772 1657 2800 ‚
1722 2720 1796 2789 id
1845 2731 1921 2791 ut
1962 2744 2099 2790 non
2138 2723 2280 2791 sine
2323 2721 2582 2789 idoneis
2625 2723 2988 2791 rationibus

747 2825 1005 2894 dictum
1042 2824 1428 2909 ostendam,
1476 2848 1615 2893 non
1641 2824 1806 2894 hinc
1843 2825 2034 2894 illinc
2062 2824 2321 2915 aliquid
2351 2824 2749 2915 decerpam,
2801 2826 2987 2917 quod

745 2930 1121 3019 quaesitum
1171 2928 1394 3021 potius
1445 2952 1585 3002 esse
1602 2976 1623 3014 ,
1709 2951 1915 3018 quam
1957 2930 2138 2998 ultro
2169 2917 2251 2997 'se
2294 2928 2631 2998 obtulisse
2661 2929 2988 3016 videatur,

745 3033 867 3103 sed
914 3033 1224 3123 prologis
1257 3043 1406 3100 utar
1445 3031 1746 3106 Andriae
1781 3041 1848 3100 et
1876 3033 2226 3118 Eunuchi,
2276 3040 2352 3100 ut
2397 3031 2729 3101 eiusmodi
2762 3056 2987 3102 exem-

731 3213 734 3218 ,
745 3136 878 3229 plis
894 3183 916 3219 ,
965 3137 1035 3203 in
1074 3137 1316 3225 quibus
1362 3137 1708 3226 aliquanto
1753 3135 2097 3208 difficilius
2111 3185 2132 3223 ,
2202 3157 2409 3225 quam
2434 3133 2520 3202 ‘in
2562 3137 2704 3203 aliis
2718 3185 2740 3221 ,
2801 3135 2989 3226 quod

745 3240 1020 3331 peccari
1072 3238 1400 3330 potuerit,
1452 3239 1730 3308 inveniri
1769 3239 1917 3327 quis
1958 3240 2349 3331 suspicetur.
2454 3239 2547 3307 Et
2584 3240 2657 3307 in
2687 3240 2986 3308 Andriae

744 3342 1022 3434 quidem
1044 3342 1380 3434 prologo,
1432 3342 1687 3427 fateor,
1738 3365 1875 3411 non
1901 3344 2023 3412 nisi
2061 3342 2200 3412 duo
2230 3342 2368 3412 loci
2396 3344 2579 3426 sunt,
2631 3343 2700 3410 in
2732 3345 2984 3431 quibus

744 3471 903 3518 eum
950 3448 1295 3515 aberrasse
1335 3470 1376 3513 a
1414 3469 1576 3515 vero
1619 3455 1889 3538 putem:
1939 3448 2168 3539 plures
2199 3447 2269 3514 in
2308 3446 2613 3537 prologo
2646 3447 2982 3520 Eunuchi.

742 3553 913 3622 Erat
996 3551 1060 3620 ei
1146 3561 1369 3620 autem
1440 3561 1710 3642 praeter
1793 3552 2062 3619 solitam
2145 3551 2338 3618 illam
2411 3547 2770 3619 audaciam
2855 3551 2985 3619 alia
3086 3579 3094 3587 ·

742 3656 812 3723 in
869 3656 1192 3727 Terentio
1212 3705 1234 3738 ,
1335 3678 1549 3745 eaque
1645 3654 1904 3745 duplex
1999 3653 2091 3723 ad
2189 3675 2488 3723 errorem
2578 3654 2985 3743 proclivium,

744 3778 876 3826 una
912 3807 932 3843 ‚
985 3760 1224 3848 -quod
1308 3760 1585 3827 nimium
1662 3759 2019 3827 festinabat
2095 3757 2277 3827 hanc
2370 3756 2737 3827 editionem
2764 3806 2787 3844 ,
2880 3758 2988 3825 al·-

684 3907 689 3919 ›
744 3871 887 3929 tera
911 3911 934 3949 ,
1038 3862 1235 3952 quod.
1259 3911 1279 3947 ‚
1381 3883 1592 3953 quum
1671 3861 1789 3930 Fr.
1854 3862 2140 3930 Harium
2207 3861 2639 3930 insectaretur
2666 3911 2688 3947 ,
2790 3860 2986 3953 cupi-

746 3963 898 4033 dius
918 4012 939 4049 ,
1015 3987 1191 4054 quae
1241 3964 1438 4035 huius
1499 3965 1885 4035 viderentur
1930 3965 2420 4058 negligentiam
2481 3988 2804 4056 arguere,
2866 3985 3009 4034 ex-.

744 4066 1178 4244 quirgbath‘ld
1189 4068 1333 4136 Sed
1399 4069 1727 4142 accedam
1793 4071 1882 4146 ad
1943 4092 2109 4139 rem.
2186 4069 2268 4137 In
2329 4068 2635 4163 prologo
2688 4068 2985 4139 Andriae

748 4194 809 4241 v.
851 4183 858 4188 '
930 4220 947 4238 .
1016 4195 1055 4239 e
1107 4172 1123 4187 ”
1178 4170 1260 4240 it:

945 4376 1357 4449 Menander
1378 4376 1568 4470 fecit
1593 4379 1956 4448 Andriam
2004 4387 2073 4448 et
2103 4376 2573 4447 Perinthiam.

954 4483 1076 4577 qm‘
1113 4477 1462 4551 utramvis
1507 4491 1725 4553 recte·
1746 4484 1932 4554 norit
1949 4531 1971 4570 ,
2025 4481 2299 4553 ‹mahas-
2315 4480 2604 4551 noverit.
