3325 5317
1138 476 1828 564 mssa-numo.
2531 488 2621 552 ss

377 647 564 713 tione
580 694 602 731 ‚
655 645 979 717 excidisse
1006 649 1148 717 veri
1180 649 1398 719 simile
1436 660 1572 720 est:
1618 601 1815 740 ‘quod
1853 654 1972 723 ubi
2006 654 2264 725 factum
2292 653 2620 745 videatur,

377 770 559 817 nunc
615 749 893 838 quidem
950 752 1027 819 iis
1081 754 1546 841 quaerendum
1597 755 1997 846 relinquam,
2082 760 2325 849 quibus
2381 761 2618 847 minus,

379 875 587 941 quam
657 851 832 922 mihi
846 902 867 939 ,
959 854 1251 926 difficilis
1316 857 1583 926 videtur
1637 858 1837 927 huius
1899 871 2150 952 poetae
2217 862 2619 934 emendatio.

377 954 524 1024 Sed
575 976 801 1024 unum
833 966 1062 1026 tamen
1113 981 1196 1027 ex
1249 959 1372 1029 illa
1421 960 1658 1030 fabula
1708 963 1942 1034 locum
1992 968 2323 1060 attingere
2369 967 2620 1059 placet.

376 1058 501 1126 Est
557 1058 613 1127 is
663 1082 706 1126 a
755 1082 821 1127 v·
873 1057 1048 1131 537.

687 1230 949 1305 πολλαὶ
990 1228 1065 1305 δ’
1094 1227 1403 1315 ἀπαλαῖς
1446 1233 1645 1331 χερσὶ
1689 1228 2105 1335 καλύπτρας

687 1328 1325 1458 κατερεικόμεναι,
1379 1338 1888 1431 διαμυδαλέοις

688 1428 991 1533 δάκρυσι
1034 1431 1340 1519 κόλπους

890 1535 1210 1632 τέγγουσ’
1255 1539 1513 1633 ἄλγους
1538 1542 2001 1634 μετέχουσαι.

690 1644 773 1713 αἱ
809 1636 880 1714 δ’
926 1635 1282 1739 ἀβρογόοι
1327 1643 1679 1741 Περσίδες
1726 1642 2012 1744 ἀνδρων

689 1745 1133 1819 ποθέουσαι·
1152 1749 1331 1820 ι’δεῖν
1364 1742 1830 1842 ἀρτιζυγίαν,
2002 1781 2010 1790 ·

686 1846 999 1942 λέκτρων
1050 1844 1130 1922 τ’
1171 1875 1381 1930 ευνας
1417 1846 1957 1969 ἁβροχίτωνας,

687 1950 1026 2047 χλιδανῆς
1067 1948 1244 2074 ἥβης
1282 1952 1548 2071 τέρψιν
1595 1947 1943 2048 ἀφεῖσαι,

691 2053 1053 2126 πενθοῦσι
1099 2049 1300 2149 γόοις
1346 2050 1983 2152 ἀκορεστοτατοις
2058 2165 2065 2171 .

375 2216 746 2288 Senserunt
786 2221 1032 2307 critici,
1083 2221 1251 2291 duas
1298 2222 1417 2295 hic
1469 2223 1877 2293 feminarum
1907 2223 2151 2295 classes
2195 2245 2604 2293 commemo·
2630 2232 2717 2294 12

373 2323 511 2389 rari
528 2372 550 2409 ‚
603 2346 889 2412 quarum
929 2326 1221 2395 secunda
1260 2350 1505 2398 uxores
1534 2330 1891 2397 Persarum
1915 2328 2424 2418 complectitur,
2475 2327 2625 2418 pri-

373 2450 491 2493 ma
532 2434 761 2495 autem
788 2452 964 2519 quae
1004 2429 1087 2495 sit
1104 2477 1125 2514 ,
1220 2452 1302 2498 ex
1347 2430 1568 2499 verbis
1607 2440 1860 2522 poetae
1907 2438 2048 2498 tam
2096 2452 2341 2521 parum
2386 2431 2627 2522 colligi

377 2536 608 2620 potest
622 2579 644 2616 ‚
721 2540 797 2599 ut
849 2533 1077 2622 potius
1126 2554 1358 2602 omnes
1409 2535 1723 2605 Persicae
1778 2533 2091 2602 mulieres
2141 2534 2625 2626 intelligendae
2731 2545 2735 2548 ’

374 2631 764 2701 videantur:
815 2635 1003 2725 quod
1035 2643 1262 2704 tamen
1288 2646 1628 2729 repugnat
1656 2636 2108 2727 sequentibus,
2209 2637 2449 2726 Itaque
2475 2637 2627 2705 Bo-

376 2734 598 2820 thius,
649 2735 881 2807 videus
940 2739 1307 2808 lectionem
1345 2737 1800 2830 quorumdam
1843 2740 2176 2809 librorum
2207 2735 2512 2820 ἀταλαῖς
2555 2741 2626 2808 in

375 2839 798 2931 grandaevas
854 2841 1166 2911 mulieres
1217 2844 1552 2933 quadrare
1570 2893 1591 2928 ‚
1676 2844 1766 2913 de
1809 2844 1917 2912 his
1975 2852 2044 2912 et
2089 2854 2276 2914 recte
2322 2842 2623 2933 quidem,

375 2964 760 3011 sermonem
827 2968 971 3014 esse
1031 2945 1389 3015 intellexit.
1454 2948 1578 3015 sed
1634 2970 1846 3036 quum
1862 2995 1883 3033 ‚
1967 2947 2329 3015 emendare
2390 2946 2625 3015 locum

375 3039 648 3132 volem,
704 3046 973 3121 πολλαὶ
1010 3047 1081 3116 ἱιι
1145 3049 1394 3123 πολιαὶ
1447 3053 1764 3137 mutavit,
1839 3071 2044 3118 canos
2102 3035 2299 3118 nobis
2340 3050 2626 3140 capillos

373 3171 509 3241 pro
542 3150 721 3220 canis
761 3151 1153 3221 mulieribus
1204 3152 1527 3222 exhibuit.
1627 3154 1907 3223 Rectius
1936 3151 2268 3223 Schfitzio
2312 3153 2485 3220 visus
2527 3162 2626 3222 est

372 3276 604 3321 versus
641 3254 984 3323 excidisse.
1087 3255 1402 3345 Eamque
1462 3258 1913 3347 suspicionem
1957 3256 2241 3348 egregie
2272 3257 2629 3326 confirmat

373 3380 549 3426 unus
592 3357 872 3446 quidem
888 3407 909 3442 ‚
993 3358 1116 3426 sed
1173 3361 1473 3451 optimae
1521 3370 1726 3430 uotae
1774 3360 2030 3442 codex,
2098 3360 2625 3452 Vitebergeusis,

373 3460 448 3527 in
484 3482 622 3549 quo
657 3470 816 3550 post
859 3461 1145 3530 verbum
1186 3457 1783 3558 κατερεικόμεναι
1826 3463 2182 3532 luculentis
2219 3463 2453 3531 litteris
2494 3462 2625 3529 ad·-

375 3563 595 3630 ditum
637 3572 736 3632 est
776 3558 1104 3656 μαγνάδ,
1158 3575 1233 3632 ut
1270 3588 1447 3656 pene
1481 3566 1879 3636 incredibile
1921 3566 2041 3651 sit,
2096 3565 2362 3656 negligi
2397 3565 2540 3633 hoc
2581 3589 2624 3633 a

376 3666 640 3734 Zeunio
685 3667 755 3733 in
803 3667 1170 3736 collatione
1214 3667 1412 3737 huius
1479 3670 1738 3739 codicis
1781 3669 2100 3759 potuisse.
2202 3659 2400 3739 Haec
2457 3668 2621 3737 vero

375 3770 800 3859 quantumvis
855 3778 1177 3863 corrupta
1214 3793 1380 3854 vox,
1449 3773 1505 3840 si
1535 3772 1943 3865 compendia
1985 3771 2353 3861 scripturae
2396 3771 2466 3839 in
2496 3794 2622 3842 co-

374 3873 641 3943 dicibus
688 3873 928 3942 usitata
968 3873 1038 3941 in
1083 3875 1401 3942 auxilium
1456 3876 1752 3947 advoces
1768 3924 1789 3962 ‚
1856 3896 1993 3942 non
2036 3895 2290 3969 magno
2338 3877 2620 3973 negotio

373 3972 707 4071 optimam
748 3977 1115 4047 lectionem
1157 3978 1546 4068 praebebit·

682 4147 947 4221 πολλαὶ
995 4144 1068 4221 δ’
1109 4098 1412 4228 ἀταλαῖς
1453 4146 1655 4245 χερσὶ
1697 4141 2114 4272 καλύπτρας

687 4244 1284 4346 κατερεικόμεναι
1320 4255 1541 4341 μαῖαι
1587 4244 1886 4374 γονάδες

686 4354 1195 4492 διαμυδαλέοις
1240 4345 1546 4449 δάκρυσι
1585 4346 1897 4436 κόλπους

893 4451 1229 4552 τέγγουσ’
1229 4506 1254 4549 ,
1307 4454 1566 4553 αλγους
1615 4458 2080 4563 μετέχουσαι.
