3325 5317
768 461 902 529 sn
1072 464 1077 469 ·
1567 453 1687 518 ns
1747 451 2221 520 Asscnrm

770 628 1211 726 pepercisset,
1259 627 1333 697 in
1360 625 1625 698 vincula
1670 627 2019 714 coniecta,
2067 625 2191 696 sed
2230 634 2471 720 postea
2502 626 2731 696 tamen
2766 626 3023 717 inma-

771 735 1156 805 trimonium
1200 730 1364 801 data
1418 739 1517 801 est
1568 730 1871 822 Lynceo.
2002 730 2336 800 Referunt
2401 753 2549 800 rem
2613 754 2825 821 quum
2877 733 3022 819 alii,

770 850 918 908 tum
960 835 1430 929 Apollodorus
1463 835 1551 903 [Ι.
1579 834 1663 923 l,
1714 833 1787 902 4.
1838 831 2232 907 scholiastes
2271 834 2562 903 Homeri
2587 836 2679 904 ad
2715 835 2911 903 [liad-
2939 863 3016 909 α.
3073 896 3080 902 .

772 941 896 1010 42.
922 937 1268 1030 Euripidis
1299 937 1390 1007 ad
1431 936 1661 1007 Ores(
1693 933 1869 1007 859.
1928 937 2037 1006 ed.
2070 937 2322 1006 Matth.
2361 937 2636 1006 Pindari
2680 938 2774 1007 ad
2814 941 3015 1008 Nem.

771 1045 858 1114 X.
890 1043 1009 1117 1⁰.
1034 1041 1347 1134 Hyginus
1379 1041 1518 1110 fab.
1553 1040 1726 1110 168.
1778 1041 2050 1111 Servius
2096 1041 2188 1109 ad
2233 1041 2406 1110 Aen.
2448 1040 2534 1109 X.
2568 1040 2744 1110 497.
2786 1065 2829 1109 a
2859 1042 3017 1131 qni-

770 1148 900 1218 hus
943 1146 1231 1219 multum
1280 1144 1578 1214 dissentit
1629 1143 2022 1214 scholiastes
2076 1140 2419 1235 Euripidis
2475 1143 2567 1212 ad
2617 1145 2792 1217 Hec,
2836 1143 3014 1217 869.

771 1252 892 1343 qui
947 1251 1343 1341 Aegyptum
1417 1271 1461 1316 a
1514 1247 1759 1316 Danao
1811 1248 2021 1339 Argis
2087 1247 2361 1338 pulsum
2415 1249 2764 1317 revertisse
2828 1248 3015 1333 illuc,

772 1377 984 1444 quum
1029 1353 1155 1420 filii
1210 1351 1687 1437 adolevissent,
1755 1352 2000 1420 scribit.
2114 1350 2313 1419 Haec
2357 1371 2570 1438 quum
2611 1351 2681 1417 in
2726 1350 2846 1420 illa
2866 1352 3018 1421 Ae-

773 1456 993 1547 schyli
1043 1454 1295 1547 ingenii
1332 1456 1641 1524 ubertate
1686 1477 1825 1523 ιιοιι
1882 1475 2020 1523 ιιιιο
2059 1452 2273 1523 modo
2320 1455 2673 1533 materiam
2711 1454 3015 1526 scriben-
3045 1482 3062 1503 ⁴

774 1561 908 1629 dae
951 1558 1347 1652 tragoediae
1387 1559 1794 1650 praeberent
1809 1609 1830 1645 ‚
1880 1567 2105 1627 tamen
2138 1579 2294 1625 eum
2321 1557 2464 1627 veri
2496 1558 2712 1626 simile
2745 1567 2846 1626 est
2876 1579 3015 1627 non

770 1660 1194 1734 atrocitatem
1233 1662 1423 1729 illam
1455 1660 1683 1730 caedis
1719 1661 1933 1732 oculis
1966 1669 2424 1752 spectatorum
2462 1662 2840 1746 subiecisse,
2890 1660 3017 1730 sed

770 1769 1036 1860 potius,
1087 1785 1227 1854 quo
1276 1763 1554 1833 mirifice
1591 1762 1915 1832 delectari
1958 1763 2331 1855 populares
2377 1785 2532 1832 suos
2567 1765 2855 1850 sciebat,
2904 1764 3016 1832 iu-

774 1869 1093 1939 dicialem
1120 1866 1285 1934 tanti
1318 1866 1635 1935 facinoris
1680 1866 2238 1958 disceptationem
2272 1866 2833 1937 introducendam
2874 1890 3015 1959 pu·-

770 1972 1013 2040 tavisse
1026 2018 1048 2056 ‚
1112 1969 1321 2060 idque
1359 1978 1545 2037 tanto
1586 1971 1806 2063 magis
1820 2019 1842 2056 ‚
1911 1969 2100 2059 quod
2147 1971 2350 2038 etiam
2390 1970 2575 2038 fama
2613 1970 2844 2041 iudicii
2886 1992 3012 2040 cu·-

720 2072 1071 2158 2iusda1'n,
1122 2082 1192 2141 et
1221 2071 1498 2161 quidem
1543 2072 1801 2164 duplex
1826 2074 2145 2144 exstabat.
2243 2072 2476 2142 Primo
2507 2074 2683 2143 enim
2725 2073 3017 2159 fuerunt,

772 2178 894 2269 qui
920 2177 1243 2246 Danaum-
1274 2176 1369 2247 ob
1415 2176 1703 2247 caedem
1734 2176 2040 2270 Aegypti
2080 2173 2379 2244 filiorum
2419 2177 2491 2244 in
2521 2177 2852 2247 iudicium
2886 2194 3016 2247 vo-
3145 2184 3158 2237 j
3283 2204 3284 2219 ¹

775 2290 1003 2354 catum
1038 2278 1399 2350 traderent.
1501 2279 1865 2373 Euripides
1894 2277 2111 2351 Orest-
2141 2277 2316 2349 861.
2360 2278 2471 2379 ed.
2514 2282 2703 2349 Pers.

983 2431 1136 2527 ὁρω
1177 2429 1255 2509 δ’
1283 2430 1502 2525 ὄχλον
1538 2424 1936 2527 στείχοντα
1980 2434 2104 2508 καὶ
2145 2427 2513 2510 θάσσοντ
2548 2459 2801 2534 ακραν,

981 2536 1073 2613 οὗ
1114 2537 1293 2632 φασὶ
1335 2537 1628 2633 πρῶτον
1658 2533 1967 2613 Δαναόν
2003 2530 2359 2633 Αἰγύπτῳ
2404 2537 2598 2620 δίκας

980 2635 1264 2716 διδόντ’
1304 2636 1662 2737 ἀθροῖσαι
1706 2635 1888 2716 λαον
1936 2640 2034 2725 οἷς
2073 2664 2321 2723 κοινας
2365 2641 2592 2738 ἔδρας.
2721 2658 2724 2665 “

771 2797 980 2866 Plura
1022 2793 1120 2862 ibi
1163 2792 1575 2864 scholiastes.
1641 2795 1761 2897 Ad
1796 2794 1985 2867 idem
2022 2795 2385 2891 iudicium,
2435 2794 2765 2892 siquidem
2809 2794 3015 2887 patris

777 2910 847 2969 et
881 2894 1172 2967 filiarum
1233 2892 1589 2970 coniuncta
1638 2884 1919 2970 crimina
1961 2901 2268 2991 fuerunt,
2347 2900 2687 2991 pertinere
2721 2898 3013 2983 videtur,

2037 3000 2054 3021 ο
2133 2996 2153 3021 ἱ
2223 2990 2245 3024 ὀ
2323 2995 2344 3024 Ι

775 3107 900 3178 καὶ
925 3103 1237 3202 Ἑρμῆς,
1287 3098 1493 3212 Διος
1512 3101 2054 3193 κελευσαντος.
2100 3108 2446 3193 Alterum,
2499 3080 2588 3187 de
2625 3125 2765 3199 quo
2812 3125 3013 3173 acce-

773 3208 999 3302 pimus
1054 3206 1431 3291 iudicium,
1494 3204 2058 3301 Hypermnestra
2072 3210 2306 3295 subiit,
2365 3216 2697 3328 ‘accusata
2739 3231 2782 3275 a
2818 3216 3015 3299 patre

772 3304 1036 3380 Danao.
1139 3310 1498 3378 Pausanias
1545 3311 1634 3379 11.
1677 3313 1815 3398 2⁰,
1860 3307 1932 3381 5.
1997 3340 2087 3387 το
2133 3312 2210 3387 δὲ
2250 3310 2517 3408 χωρίον
2560 3337 2651 3384 το
2701 3307 3012 3397 ὄπισθεν

775 3413 898 3488 καὶ
937 3417 1004 3495 ἐς
1047 3404 1221 3485 τόδε
1263 3406 1639 3510 κριτήριον
1670 3409 2199 3508 ὀνομάζουσιν,
2247 3406 2850 3510 ’Υπερμνῆστραν
2886 3416 3012 3488 ἑν-

771 3516 1029 3592 ταῦθα
1061 3508 1210 3603 nizro
1236 3516 1551 3591 Δαναοῦ
1586 3517 1938 3638 κριθῆναι
1962 3520 2308 3611 λέγοντες.
2412 3517 2508 3586 Et
2549 3537 2702 3608 cap.
2744 3514 2887 3605 21,
2942 3513 3008 3584 1.

769 3613 868 3694 τὸ
913 3621 991 3693 δὲ
1027 3617 1155 3716 τῆς
1196 3614 1634 3727 Ἀρτέμιδος
1666 3614 1867 3717 ἱερόν
1915 3621 2276 3742 ἐπίκλησιν
2321 3618 2692 3721 Πειθοῦς,
2739 3614 3010 3739 Υπερ-

770 3715 1110 3820 μνήστρα
1148 3748 1268 3794 και
1304 3723 1531 3796 τοῦτο
1564 3717 1924 3825 α’νέθηκε,
1947 3717 2324 3820 νικήσασα
2361 3721 2456 3818 τῇ
2490 3722 2645 3818 δίκη
2676 3747 2813 3794 τον
2854 3747 3005 3811 πα-

770 3825 998 3943 ‘teq'hm
1066 3821 1175 3918 ἢν
1203 3824 1346 3896 τοῦ
1370 3826 1792 3920 Λυγκέως”’
1747 3854 1952 3900 evena
2003 3828 2244 3923 ἔφυγε
2348 3825 2577 3916 Atque
2622 3804 3012 3916 explicatius

774 3926 978 4013 etiam
1027 3949 1183 4018 cap.
1219 3925 1356 4012 19,
1409 3925 1480 3995 6.
1527 3921 1627 4001 τοῖ
1669 3926 1746 4013 δὲ
1792 3923 2017 4058 ξόανα
2063 3926 2507 4050 Ἀφροδίτης
2548 3925 2668 4002 καὶ
2693 3924 3008 4023 Ερμοῦ)

771 4054 864 4102 το
905 4027 1083 4119 μὲν,
1141 4024 1450 4105 Ἐπειοῦ
1494 4032 1902 4124 λέγουσιν*
1857 4059 2074 4129 εργον
2114 4029 2348 4121 εἶναι,
2410 4058 2502 4105 το
2551 4018 2674 4118 δὲ,
2734 4027 3007 4153 Υπερ-

771 4123 1146 4252 μνήστρας
1175 4126 1553 4229 οἱνοῖθημα.
1658 4128 1936 4234 ταύτην
1961 4162 2101 4233 γαρ
2137 4161 2285 4208 των
2323 4131 2752 4254 θυγατέρων
2772 4125 3009 4230 μόνην

773 4260 865 4307 το
910 4257 1336 4356 προςταγμα
1377 4234 1870 4335 ὑπεριδοῦσαν
1918 4234 2281 4335 ὑπήγαγεν
2332 4234 2375 4309 o‘
2410 4229 2713 4327 Δαναος
2751 4238 2849 4318 εἰς
2889 4236 3010 4308 δι-

773 4329 1213 4432 καστήριον,
1279 4337 1420 4409 τοῦ
1475 4367 1560 4413 τε
1604 4341 1943 4435 Λυγκέως
2002 4338 2134 4415 οὐκ
2152 4336 2567 4464 ,οἱκίνδυνον
2621 4332 2826 4433 αὐτῷ
2869 4361 3011 4434 την

775 4436 1136 4540 σωτηρίαν
1185 4432 1615 4535 ἡγούμενος.
1701 4443 1826 4518 καὶ
1872 4442 1997 4520 ὅτι
2039 4442 2184 4521 τοῦ
2223 4436 2701 4551 τολμήματος
2739 4435 2828 4516 οὐ
2865 4465 3012 4536 με·-

656 4562 677 4591 ἠ
694 4566 730 4612 {⁴¹
800 4587 805 4592 .
