3325 5317
865 470 868 473 ’
945 468 1395 542 ΜΕΝενιιΑ
1431 469 2027 547 Burmanni.
2080 474 2111 511 ··
2481 462 2649 551 ιη’

365 652 526 742 stat)
578 650 1006 721 concinnitati
1042 670 1199 719 eum
1229 644 1695 740 numerorum,
1750 663 2019 723 servata-
2041 650 2391 725 communi
2412 653 2606 730 men-
2688 670 2693 675 ’

362 776 513 823 sura
527 801 549 840 ‚
601 754 772 824 mire
803 754 1088 824 officere
1115 754 1465 824 fatendum
1507 765 1623 826 est.
1726 757 1845 828 Sic
1887 758 2074 850 apud
2102 758 2504 830 Pindarum:

673 903 806 988 τᾶς
853 901 1105 981 ἀκούει
1145 908 1284 1002 μὲν
1344 897 1560 1003 βάσις
1605 905 1911 1001 ἄγλαιας
1972 904 1986 1010 Ι
2053 907 2275 1011 ἀρχά,

669 1006 938 1085 πεῖθον
984 1002 1000 1113 Ι
1042 1037 1172 1084 ται
1214 1005 1285 1083 ὃ
1341 1007 1588 1085 οἷοιδοὶ
1634 1005 1975 1107 σάμασιν.

360 1161 577 1258 Apud
625 1160 1109 1253 Aeschylum
1089 1185 1160 1233 ιιι
1201 1160 1724 1234 Eumenidibus:

561 1397 570 1402 ,
669 1314 951 1415 μᾶτερ,
989 1312 1058 1389 ἆ
1088 1311 1180 1410 μ’
1222 1317 1539 1406 ἔτικτες,
1591 1346 1645 1390 ω
1705 1319 1721 1409 Ι
1774 1317 2014 1417 μᾶτερ

670 1414 865 1504 Νύξ,
920 1415 1214 1495 ἀλαοῖσι
1242 1420 1364 1495 καὶ
1405 1415 1825 1520 δεδορκόσιν
1869 1416 1883 1521 Ι
1927 1417 2216 1547 ποινάν.

359 1576 472 1647 ln
486 1574 1041 1671 Agamemnone.

668 1720 900 1818 Ζεύς,
946 1724 1023 1810 ὅς
1066 1719 1082 1824 Ι
1125 1724 1234 1811 τίς
1268 1754 1413 1802 ποτ
1494 1727 1736 1823 ἐστίν,
1791 1731 1862 1805 εἰ
1898 1722 2039 1804 τόδ
2079 1755 2237 1803 αυ-
2374 1800 2382 1809 .

667 1831 777 1928 τῷ
820 1829 1034 1931 φίλον
1077 1831 1550 1930 κεκλημένῳ·

357 1989 559 2080 Lege
575 1986 795 2055 istum
837 1984 1238 2054 trochaeum
1284 1985 1525 2055 eadem
1541 2032 1563 2070 ,
1631 2006 1769 2075 qua
1809 1986 2106 2077 reliquos
2146 1985 2364 2079 pedes
2404 2009 2604 2056 men-

356 2112 550 2176 sura,
597 2098 678 2159 ut
701 2084 884 2159 hanc
910 2088 1161 2157 habeut
1186 2087 1733 2183 longitudinem,
1787 2087 1856 2157 2.
1880 2112 1889 2121 ·
1912 2089 1981 2157 1.
2034 2099 2102 2160 et
2147 2091 2420 2175 senties,
2470 2113 2611 2160 uu-·

357 2215 583 2263 meros
619 2215 768 2261 esse
804 2192 1069 2284 ineptos
1082 2240 1104 2279 ‚
1168 2192 1634 2278 inconcinnae,
1705 2193 2029 2264 elumbes.
2109 2192 2279 2264 Cur
2327 2195 2424 2262 ita
2462 2216 2603 2263 uon

356 2305 458 2368 est
481 2295 705 2367 etiam
730 2297 804 2365 in
839 2316 1035 2366 versu
1057 2295 1544 2389 Hipponacteo
1558 2319 1581 2361 t
2548 2331 2555 2337 ·

668 2420 1038 2526 duosam&
1079 2443 1602 2533 Ἰππωνακτος·
1655 2443 1744 2522 οὔ
1786 2442 1933 2545 γοῖρ
1946 2436 2142 2523 2:22'
2188 2443 2411 2549 Ιῆκω.

355 2603 685 2697 Nempe
663 2627 735 2672 ιιι
768 2602 911 2674 hoc
938 2624 1134 2676 versu
1172 2603 1533 2676 trochaeus
1565 2604 1697 2673 ille
1743 2626 1874 2698 pro
1919 2604 2150 2672 iambo
2192 2602 2603 2688 substitutuS,

354 2707 557 2777 huius
597 2708 749 2777 vice
787 2707 1127 2800 fungitur,
1190 2730 1455 2777 servans
1517 2708 1811 2800 proinde
1853 2728 2233 2777 mensuram
2289 2707 2466 2776 eius.
2530 2707 2603 2776 in

355 2811 490 2880 iuis
534 2814 760 2881 autem
800 2813 1125 2905 exemplis
1188 2815 1521 2884 seiunctus
1577 2837 1621 2880 a
1679 2811 1958 2883 caeteris
2013 2811 2306 2880 numeris
2356 2809 2605 2904 integri
2658 2852 2666 2861 ·

355 2915 648 2985 membri
711 2914 944 2985 locum
1009 2924 1193 2984 tenet
1207 2963 1228 3001 ,
1327 2926 1401 2986 ut
1416 2964 1438 3002 ,
1515 2914 1571 2984 si
1623 2917 1831 2984 trium
1872 2915 1994 2983 ille
2042 2924 2438 3009 ‘temporum
2496 2914 2605 2998 sit,

354 3017 765 3112 ineptissima
800 3017 1045 3088 evadat
1076 3027 1218 3087 tam
1245 3019 1469 3089 brevis
1494 3019 1785 3087 membri
1819 3018 1911 3087 ad
1944 3028 2085 3086 tam
2108 3019 2343 3109 longa,
2392 3038 2601 3107 quam

356 3132 627 3193 caetera
658 3130 842 3209 sunt,
896 3123 1336 3215 comparatio.
1439 3121 1675 3207 Quare
1713 3121 1880 3210 quid
1913 3122 2101 3189 aliud
2117 3168 2139 3206 ,
2188 3143 2416 3210 quam,
2458 3141 2600 3209 quo

354 3225 617 3295 numeri
644 3225 751 3292 isti
794 3235 954 3317 apta
994 3228 1447 3317 proportione
1490 3234 1968 3315 aequarentur,
2019 3234 2344 3315 quantum
2363 3224 2599 3292 multi-

353 3328 573 3399 tudini
600 3329 1029 3418 ·syllabarum
1073 3327 1308 3398 deerat
1322 3378 1343 3415 ,
1391 3337 1650 3398 tantum
1690 3327 1984 3421 ponderi
2023 3329 2364 3398 adiectum
2394 3327 2596 3395 fuisse

357 3431 794 3504 censeamus?
841 3436 950 3503 Ac
990 3431 1329 3524 profecto,
1376 3432 1497 3522 qui
1530 3433 1749 3501 modo
1779 3432 2169 3525 ineptissimi
2209 3440 2278 3498 et
2310 3429 2598 3520 turpiter

356 3534 555 3606 fracti
591 3537 853 3604 numeri
889 3535 1324 3625 videbantur,
1377 3536 1701 3628 aptissimi
1741 3545 1935 3604 erunt
1970 3545 2040 3604 et
2078 3532 2321 3602 eximia
2365 3532 2596 3624 gravi-

352 3647 494 3707 tate
525 3637 798 3724 decori,
846 3640 898 3707 fi
945 3638 1131 3710 hunc
1174 3661 1311 3709 non
1358 3641 1714 3733 vulgarem
1748 3640 1942 3708 illum
1989 3636 2388 3707 trochaeum
2403 3683 2427 3720 ,
2479 3634 2598 3724 qui

354 3743 591 3826 trium,
670 3740 795 3811 sed
846 3752 1220 3812 semantum
1237 3792 1258 3829 ,
1323 3743 1441 3834 qui
1507 3743 1878 3812 duodecim
1931 3751 2320 3830 temporum
2375 3739 2593 3831 spatio
2607 3745 2694 3808 18
2811 3816 2815 3825 ,

354 3844 793 3940 producitur,
859 3866 1000 3916 esse
1042 3854 1307 3916 statuas.
1412 3846 1574 3918 Hoc
1621 3844 1952 3915 eiusmodi
1992 3843 2163 3912 mihi
2216 3864 2359 3911 esse
2401 3842 2598 3912 vide-

356 3958 501 4036 tur,
552 3957 631 4018 ut
665 3948 1004 4019 neminem
1048 3950 1200 4019 fore
1243 3949 1519 4021 credam
1535 3999 1556 4035 ,
1613 3951 1737 4039 qui
1776 3948 1994 4017 semel
2023 3946 2332 4031 monitus,
2382 3948 2441 4015 si
2480 3970 2602 4015 re·

354 4052 647 4145 putarit,
707 4055 943 4141 quales
985 4053 1106 4121 illa
1150 4054 1449 4124 carmina
1493 4072 1813 4122 numeros
1848 4052 2222 4141 requirant,
2272 4073 2413 4120 uon
2441 4073 2602 4120 vera

354 4177 479 4225 uos
517 4154 813 4224 attulisse
859 4156 989 4226 sibi
1017 4156 1441 4249 persuadeat.
1543 4155 1759 4225 Aliud
1805 4155 2193 4246 exemplum
2217 4154 2418 4225 huius
2456 4165 2602 4223 tro-

358 4258 559 4332 chaei
596 4258 935 4328 inauditos
973 4261 1171 4331 tollet
1214 4281 1528 4330 numeros
1570 4260 1641 4327 in
1686 4259 1802 4330 01.
1837 4260 1959 4328 lx.
2060 4258 2205 4328 Sed
2251 4258 2438 4326 facta
2490 4278 2600 4323 se-

360 4363 500 4432 mel
519 4361 733 4455 pedis
774 4362 976 4433 huius
1004 4363 1406 4450 mentione,
1423 4364 1658 4456 paucis
1701 4362 2114 4455 explicemus
2154 4360 2459 4430 Aristidis
2486 4356 2598 4424 lo·
2682 4370 2685 4371 ’

363 4487 553 4556 cum,
603 4467 724 4558 qui
749 4470 980 4541 nescio
1010 4490 1099 4538 an
1126 4491 1169 4538 a
1207 4467 1549 4565 plerisque
1588 4468 1919 4539 nonsatis
1964 4465 2339 4539 intellectus
2376 4461 2596 4531 fuerit.
2735 4485 2740 4491 ·
