3325 5317
1206 460 1862 525 DISSERTATIO.
2569 468 2663 531 63

340 599 355 604 ’
419 633 854 726 Quamquam
921 631 1011 702 de
1067 634 1349 706 veritate
1422 635 1910 706 emendationis
1957 639 2069 706 'est
2109 635 2300 725 quod
2371 636 2658 709 dubites.

416 739 594 805 Nam
650 758 862 827 quum
906 763 962 832 φ
1005 745 1074 806 et
1116 764 1218 833 φρ
1263 740 1649 830 saepissime
1708 747 2224 824 commutentur,
2277 740 2369 809 de
2400 764 2538 834 qua
2581 767 2660 813 re
2711 824 2716 828 ,

415 841 572 910 vide
589 887 611 925 ‚
664 841 722 909 si
750 863 923 933 opus
957 849 1087 927 est,
1137 842 1444 911 Bastium
1486 844 1579 912 ad
1618 839 1835 936 Gre'g.
1883 842 2043 912 Cor.
2082 866 2155 936 Ρ.
2188 842 2360 912 Ί-ΙἸ.
2392 844 2658 915 facilius

417 947 620 1014 etiam
671 945 1253 1040 ἐκπεφραγμένοι
1311 948 1423 1015 vel
1483 948 2079 1044 ἐμπέφραγμένοι
2138 949 2343 1017 scribi
2381 951 2655 1040 poterit.

411 1046 773 1138 Euripides
803 1056 984 1120 certe
999 1096 1019 1133 ‚
1074 1048 1256 1116 cuius
1285 1070 1441 1118 cum
1485 1050 1706 1119 verbis
1737 1049 2068 1141 Aeschyli
2104 1074 2331 1121 versus
2371 1074 2659 1146 compa-

413 1153 584 1221 ravit
623 1151 1015 1221 scholiastes
1030 1199 1050 1236 ‚
1103 1151 1198 1218 ita
1231 1151 1425 1222 dixit:

719 1265 988 1384 τροχοί.
1022 1285 1103 1361 τ’
1144 1284 1462 1386 ἐπήδων,
1516 1286 1759 1372 ἄξονές
1811 1286 1890 1363 τ’
1939 1287 2057 1365 ἐπ’
2112 1289 2395 1374 ἄξοσιν·

725 1389 968 1487 νεκροὶ
1006 1393 1082 1465 δὲ
1117 1399 1390 1491 νεκροῖς
1434 1386 1951 1490 ἐξεσωρεύονθ’
1985 1391 2197 1488 ὁμοῦ.

412 1525 647 1596 Verbo
707 1520 1137 1624 ἐκφράσσειν
1188 1528 1466 1618 quidem
1513 1531 1692 1618 q‘uae
1735 1529 2139 1623 significatio
2195 1532 2284 1600 ab
2351 1532 2444 1600 H.
2494 1529 2649 1603 Ste-

413 1631 649 1752 phano
696 1639 765 1698 et
799 1629 958 1699 inde
1005 1632 1093 1700 ab
1140 1633 1282 1701 aliis
1348 1633 1749 1702 adscribitur
1765 1681 1786 1718 ‚
1863 1635 1961 1703 ita
2015 1643 2355 1727 repugnat
2414 1636 2651 1704 analo-

415 1736 573 1828 giae
590 1783 611 1820 ,
661 1742 739 1801 ut
778 1756 1013 1802 verear
1029 1783 1050 1821 ‚
1100 1759 1189 1804 ne
1229 1736 1593 1829 exemplis,
1646 1759 1824 1828 quae
1877 1736 2127 1808 idonea
2166 1738 2327 1827 sint,
2398 1740 2653 1810 confir-

409 1839 581 1908 mari
619 1847 947 1928 nequeat.

615 1989 807 2084 Ipsas
852 1989 1104 2063 Glauci
1145 2014 1350 2085 equas
1388 1991 1743 2064 domiuum
1783 1992 2154 2065 lacerantes
2187 1996 2281 2065 ita
2307 1935 2653 2069 describe—

409 2096 530 2164 bat
578 2095 894 2167 nuncius:
978 2146 1000 2164 κ

719 2231 954 2307 εἷλκον
989 2228 1065 2307 δ
1108 2230 1256 2306 ἄνω
1303 2226 1611 2331 λυκηδόν
1628 2288 1658 2325 ,
1713 2230 1886 2316 ὤςτε
1928 2227 2218 2309 διπλόοι

718 2330 926 2412 λύκοι
969 2330 1230 2433 νεβρον
1276 2339 1624 2436 φέρουσιν
1663 2332 1855 2435 ἀμφὶ
1887 2331 2318 2431 μασχάλαις,

409 2472 648 2543 Schol.
679 2473 850 2542 Veu.
886 2472 978 2541 ad
1018 2472 1215 2543 Iliad.
1242 2473 1431 2543 XIII.
1467 2471 1639 2546 198.
1685 2482 1944 2541 tantum
1971 2472 2207 2550 εἷλκον
2250 2502 2398 2549 ανω
2433 2480 2649 2576 λυκη-

412 2571 583 2666 δόν,
633 2577 1028 2647 Eustathius
1073 2600 1145 2669 p.
1178 2573 1370 2664 927,
1426 2575 1545 2645 39.
1591 2576 1817 2644 omnia
1844 2586 2119 2667 praeter
2161 2577 2301 2648 duo
2348 2587 2647 2649 extrema

409 2681 744 2750 vocabula
787 2680 1022 2763 affert,
1066 2690 1356 2770 'uterque
1409 2682 1548 2749 sine
1605 2681 1762 2749 ullo
1793 2682 2068 2749 fabulae
2118 2681 2391 2754 indicio.
2495 2682 2699 2753 Sem

402 2784 801 2853 scholiastes
825 2784 1248 2854 Victorianus
1280 2784 1465 2876 apud
1493 2784 1837 2875 Heynium
1863 2786 2000 2853 vol.
2032 2783 2151 2853 VI.
2192 2809 2264 2876 p.
2297 2784 2470 2855 644.
2511 2809 2650 2855 non

409 2887 620 2956 modo
669 2888 968 2980 integros
1016 2886 1147 2956 hos
1195 2911 1421 2956 versus
1467 2887 1711 2975 habet,
1776 2888 1898 2957 nisi
1926 2886 2131 2979 'quod
2188 2888 2305 2961 hic
2349 2913 2648 2980 quoque,

407 3000 487 3058 ut
531 2991 665 3077 illi,
721 2992 797 3064 δὲ
832 2992 1113 3076 omittit,
1166 2991 1288 3060 sed
1338 2994 1542 3060 etiam
1584 2991 1675 3060 de
1726 2992 1998 3063 Glauco
2050 2991 2215 3062 dicit
2267 2991 2648 3063 sermonem

410 3118 570 3164 esse.
673 3096 830 3163 Non
867 3095 1098 3185 inepte
1140 3095 1452 3166 coniicias
1469 3144 1489 3181 ‚
1540 3095 1647 3163 his
1678 3097 1978 3165 versibus
2021 3094 2207 3168 huuc
2239 3097 2442 3167 fuisse
2481 3099 2648 3167 sub-

401 3198 654 3269 iectum
671 3248 692 3286 ‚
743 3198 866 3284 nisi
916 3200 1138 3267 obstet
1179 3199 1404 3268 forma
1448 3200 1724 3285 Dorica,
2511 3220 2520 3229 ·

712 3330 1252 3434 λεοντοχόρταν
1292 3329 1649 3431 βούβαλιν
1699 3337 2098 3436 νεαίτερον,

403 3494 612 3561 quem
654 3474 796 3542 sine
844 3473 1122 3546 fabulae
1177 3476 1402 3544 indice
1462 3475 1747 3545 servavit
1798 3474 2209 3545 Eustathius.
2275 3498 2348 3568 p.
2417 3470 2642 3562 1625,

402 3574 528 3644 44.
581 3586 649 3645 et
699 3598 782 3645 ex
832 3598 917 3645 eo
969 3578 1340 3675 Favorinus
1380 3581 1450 3647 in
1489 3602 1551 3647 v.
1596 3571 1879 3676 τράγοι.

606 3732 966 3801 Praeterea
1042 3730 1221 3803 haec
1314 3756 1398 3804 ex
1477 3733 1819 3802 Potnieusi
1890 3732 2160 3804 Glauco
2249 3729 2638 3801 afferuntur.

399 3833 818 3904 Scholiastes
868 3835 1215 3928 Aristoph.
1257 3837 1350 3905 ad
1390 3838 1564 3905 Rau.
1603 3833 1827 3905 1576.
1858 3837 2116 3931 πρῶτα
2146 3835 2283 3929 μὲν
2307 3831 2637 3910 εὐοδίαν

402 3936 645 4011 ταῦτα
692 3939 769 4011 δὲ
818 3932 1023 4035 παροῖ
1068 3935 1166 4012 ‘coc'
1197 3945 1273 4012 ἐν
1315 3934 1619 4034 Γλαύκῳ
1656 3945 1970 4013 Ποτνιεῖ
2009 3932 2415 4029 Αἰσχύλου*
2474 3935 2642 4014 οὐο-

404 4039 570 4113 δίαν
593 4040 729 4133 μὲν
761 4043 1015 4139 ποῶτα
1047 4036 1198 4115 α’πό
1227 4036 1592 4135 στόματος
1624 4044 1905 4135 χεόμεν.
2012 4043 2300 4112 Videtur
2346 4041 2637 4139 πρῶτον

402 4145 743 4235 scripsisse
790 4144 1201 4235 AeschyluS‚
1262 4146 1385 4213 nisi
1425 4146 1681 4236 aliquid
1720 4146 1942 4213 omisit
1977 4146 2382 4216 scholiastes.
2485 4147 2640 4230 He-

400 4247 707 4338 sychius.
786 4245 1253 4373 αμφίςωπον,
1325 4247 1727 4373 περίωπον,
1780 4243 2157 4324 πάντοθεν
2204 4242 2637 4323 αναπεπτοῖα

397 4370 661 4445 μενον·
738 4345 1104 4443 Λισχύλος
1160 4346 1465 4448 Γλαύκῳ
1516 4357 1845 4427 Ποτνιεῖ.
1979 4353 2211 4422 ldemz
2284 4345 2636 4473 εὐφήμοις

396 4448 644 4548 γόοις,
699 4449 1120 4554 δυςφήμοις,
1174 4481 1363 4531 κατα
1402 4452 1877 4557 ἀντίφρασιν·
1928 4450 2293 4548 Αἰσχύλος
2326 4445 2634 4550 γλαύκο-
