3325 5317
1152 477 1786 543 mssERTAeTlo
1839 477 1889 545 1.
2071 510 2076 516 Δ
2516 480 2648 546 182

399 653 877 730 concitatiores
949 651 1256 799 defertur
1265 701 1290 743 ‚
1384 652 1539 724 illas
1591 650 1686 722 ad
1740 650 2289 746 persequendum
2355 649 2645 724 Oresten

391 760 754 854 instigans:

711 826 913 960 ὀσμη
937 855 1295 958 βροτείων
1330 851 1668 953 aluam»
1702 884 1803 955 m
1838 856 2214 959 προεμλᾷ.

714 964 855 1065 ὅρα
871 1012 894 1052 ,
935 961 1111 1086 ὅρα
1135 959 1320 1056 μα’).
1374 956 1513 1036 αὖ·

711 1067 969 1143 λεῦσσε
1015 1061 1153 1142 τὼ
1197 1059 1488 1146 πάντα..
1534 1089 1641 1161 μη

707 1165 907 1268 λάθῃ
952 1162 1192 1294 φυγδα
1232 1162 1371 1263 βοῖς

693 1264 1187 1401 ματροφόνος
1236 1267 1515 1353 ἀτίτας.

397 1383 765 1490 Praeclara
793 1411 971 1488 enim
1001 1412 1343 1487 adnotatio
1378 1409 1790 1484 scholiastae
1812 1411 2070 1507 legitur
2108 1411 2201 1483 ad
2244 1437 2310 1485 v.
2352 1409 2528 1485 254.
2555 1409 2654 1491 τᾶ

403 1514 599 1596 αὐτο
625 1514 1016 1620 πρόςωπόν
1060 1524 1238 1596 ἐστι.
1341 1517 1530 1589 Huic
1574 1516 1827 1586 Furiae
1874 1515 2042 1587 dum
2082 1540 2241 1606 eae,
2292 1542 2468 1611 quae
2514 1518 2653 1588 iam

401 1633 790 1718 praesentes
820 1633 1030 1710 erant,
1077 1620 1515 1715 respondent,
1564 1620 1868 1711 reliquae
1901 1632 2431 1715 cong-regantur,
2461 1622 2654 1715 ipsae

361 1813 366 1817 y
401 1749 681 1819 quoqne
712 1727 969 1819 aliquid
999 1725 1317 1797 dicentes.
1420 1723 1790 1813 Quumque
1828 1733 2089 1816 septem
2116 1726 2244 1794 sint
2289 1735 2654 1813 commata,

401 1831 549 1902 veri
587 1830 803 1900 simile
837 1838 977 1920 est,
1033 1839 1214 1923 post
1219 1828 1511 1921 primam
1536 1827 1729 1898 illam
1770 1837 2009 1919 quater
2042 1826 2133 1898 de
2163 1826 2338 1899 binis
2354 1877 2378 1918 ‚
2423 1828 2530 1900 bis
2562 1828 2655 1901 (16

383 1935 607 2069 ‘ternis
643 1957 852 2007 unam
899 1884 1158 2025 aliquid
1208 1931 1458 2002 dicere.

611 2088 916 2163 Tantum
955 2087 1163 2182 igitur
1187 2110 1424 2159 verum
1456 2093 1557 2158 est
1573 2133 1598 2175 ‚
1646 2054 1975 2180 maguum
2011 2086 2086 2159 in
2116 2081 2386 2155 theatro
2429 2093 2655 2157 terro-

402 2192 553 2263 ι·6ιιι
579 2193 938 2267 excitam
965 2214 1146 2279 6336,
1195 2191 1420 2263 Furiis
1461 2191 1559 2261 sic
1595 2190 1811 2285 longa
1853 2189 2026 2259 serie
2067 2188 2139 2257 in
2180 2212 2455 2261 scenam.
2481 2212 2656 2282 pro-
2722 2174 2741 2209 ¹

405 2295 786 2369 deuntibus.
889 2296 1088 2382 Quae
1122 2317 1230 2365 res
1274 2296 1331 2365 si
1372 2318 1458 2365 eo
1497 2294 1746 2379 valuit,
1797 2301 1875 2362 nt
1909 2293 2074 2385 lege
2119 2293 2501 2365 coercenda
2542 2293 2656 2363 ἱιι-

406 2400 748 2471 dicaretur
793 2407 1048 2493 poetae
1096 2397 1423 2488 audacia,
1473 2398 1643 2488 quid
1694 2397 1877 2468 hanc
1931 2396 2164 2488 legem
2179 2448 2200 2485 ,
2250 2397 2307 2465 si
2356 2421 2496 2489 qua
2543 2396 2657 2468 lex

406 2527 492 2577 66
540 2503 632 2575 (16
680 2526 758 2575 ι·6
807 2504 948 2581 lata
997 2511 1135 2591 est,
1157 2502 1570 2593 ‘putabimus
1611 2501 1957 2573 continere
1993 2499 2343 2590 potuisse?
2390 2502 2534 2571 Ant
2561 2498 2656 2569 ad

404 2628 640 2677 omnes
702 2605 1093 2701 tragoedias
1155 2605 1554 2697 pertinuerit
1613 2625 1892 2676 necesse
1943 2610 2076 2689 est,
2142 2610 2262 2671 aut
2325 2602 2419 2673 ad
2479 2604 2658 2673 solas

405 2710 820 2783 Eumenides
859 2708 1207 2801 Aeschyli.
1312 2709 1391 2781 Si
1427 2707 1522 2779 ad
1574 2729 1810 2777 omnes
1858 2705 2249 2798 tragoedias
2264 2753 2287 2793 ,
2335 2729 2477 2789 non
2518 2727 2660 2799 po·

275 2865 280 2868 -
408 2813 535 2882 tuit
580 2814 705 2881 nisi
752 2812 843 2883 de
893 2813 1359 2890 imminuendo
1407 2833 1854 2905 personarum
1899 2831 2184 2881 numero
2230 2811 2658 2907 praecipere.

404 2915 633 3005 quue
680 2917 939 2987 factum
987 2925 1264 2986 testatur
1314 2917 1625 2986 Pollnxs
1665 2917 1784 2985 «At
1827 2936 2037 3005 quum
2090 2912 2342 2985 chorus
2392 2916 2660 2985 Eume-

319 3052 326 3061 *
403 3018 643 3089 nidum
691 3042 831 3089 non
882 3043 923 3089 6
971 3019 1460 3114 quinquaginta
1507 3018 1834 3110 personis,
1886 3027 1960 3087 ut
2008 3016 2129 3088 hic
2176 3016 2404 3105 tradit,
2457 3017 2584 3088 sed
2616 3041 2659 3087 6

403 3123 798 3214 quindecim
847 3123 1249 3209 constiterit,
1311 3125 1424 3192 lex
1483 3121 1608 3191 ista
1672 3143 1812 3190 non
1858 3121 2189 3214 potuisset
2254 3121 2473 3195 choro
2523 3119 2658 3192 XV

404 3249 730 3331 personas
770 3227 1067 3303 tribuere
1081 3273 1104 3313 ,
1153 3225 1277 3296 sed
1327 3225 1419 3296 de
1464 3224 1576 3294 his
1625 3224 1761 3295 XV
1811 3225 2066 3316 aliquas
2116 3225 2479 3296 detrahere
2530 3225 2660 3299 (16-

403 3330 736 3400 buisset.
794 3330 1007 3420 Atqui
1068 3351 1206 3400 non
1270 3328 1485 3401 modo
1540 3350 1746 3400 nemo
1813 3327 1906 3399 de
1971 3327 2110 3401 hac
2160 3353 2237 3399 ι·6
2283 3330 2659 3420 quidquam

403 3434 758 3519 narravit,
792 3434 915 3505 sed
929 3481 952 3521 ‚
1013 3433 1133 3523 qui
1188 3433 1279 3503 de
1333 3433 1583 3527 tragici
1643 3431 1844 3504 chori
1888 3433 2192 3525 personis
2241 3433 2650 3502 mentionem
2665 3449 2752 3512 16

404 3537 740 3624 inficiunt,
786 3538 885 3606 ita
933 3536 1025 3606 de
1073 3537 1152 3606 iis
1198 3538 1604 3627 loquuntur,
1668 3558 1754 3608 ac
1801 3537 1857 3604 si
1906 3534 2157 3606 chorus
2208 3558 2477 3627 semper
2525 3535 2659 3604 XV

407 3663 729 3733 personas
781 3639 1381 3770 comprehenderit
1396 3688 1419 3726 ‚
1467 3639 1676 3710 veluti
1693 3687 1716 3726 ‚
1767 3647 1844 3708 nt
1892 3638 2060 3708 alios
2108 3646 2383 3710 taceam
2389 3686 2411 3725 ,
2461 3637 2660 3709 Pho-

405 3743 537 3814 tius
584 3745 654 3813 i'n
700 3767 764 3813 v.
817 3743 1068 3842 τρίτος
1117 3739 1533 3842 ἀριστεροῦ
1638 3742 1830 3827 Quid
1893 3741 2085 3832 quod
2148 3742 2434 3864 scriptor
2482 3743 2660 3813 vitae

408 3846 781 3939 Sophoclis
830 3857 900 3917 et
948 3846 1195 3918 Suidas
1244 3846 1556 3933 chorum,
1606 3854 1806 3915 antea
1862 3869 1903 3915 6
1950 3846 2087 3915 XII
2132 3846 2441 3937 personis
2489 3868 2663 3917 con-

408 3959 690 4021 stantem
712 3998 735 4037 ‚
801 3951 892 4019 ab
942 3949 1304 4044 Sophocle
1365 3949 1460 4019 ad
1508 3948 1641 4019 XV
1692 3956 1965 4018 auctum
2014 3950 2310 4021 scribunt
2325 3950 2362 4019 Ρ
2410 3949 2662 4021 Suma-

410 4077 561 4126 mus
592 4054 801 4148 igitur
823 4054 1106 4123 alterum
1124 4100 1147 4140 ,
1196 4053 1433 4146 legem
1459 4053 1657 4122 istam
1705 4051 1797 4120 ad
1843 4054 2021 4122 solas
2047 4054 2464 4137 Eumenides
2497 4077 2664 4148 spe-

407 4165 639 4229 ctasse.
743 4157 865 4229 Sic
907 4179 1071 4227 vero
1118 4180 1326 4227 unum
1376 4156 1469 4226 (16
1511 4155 1619 4225 his
1648 4154 1920 4226 duobus
1954 4158 2355 4228 continuerit
2386 4181 2663 4230 necesse

371 4268 527 4333 ,est
541 4307 564 4347 ,
614 4270 733 4331 aut
773 4283 863 4331 ιι6
893 4260 1185 4353 posthac
1211 4254 1580 4358 σποράδην
1612 4258 2196 4332 introducerentur
2220 4262 2495 4348 Furiae,
2545 4268 2664 4331 aut

415 4386 506 4433 ne
546 4371 733 4433 tanto
774 4386 1081 4435 numero.
1183 4363 1485 4434 vetitum
1509 4362 1715 4433 fuisse
1752 4387 1865 4434 eas
1902 4359 2277 4464 σποράδην
2322 4362 2662 4435 introduci

417 4489 555 4538 non
579 4466 862 4540 tradidit
889 4467 1174 4557 Pollux,
1222 4487 1351 4540 nee
1380 4489 1539 4539 sane
1554 4515 1578 4556 ,
1628 4489 1841 4559 quare
1866 4468 1940 4539 id
1968 4467 2467 4564 prohiberetur,
2519 4466 2679 4537 ulla·
