3325 5317
724 474 850 538 162
1024 468 1144 532 DE
1198 467 1521 530 CHORO
1578 467 2156 531 EVMENIDVM
2195 466 2663 530 AESCHYLI

721 644 1008 731 suimus,
1074 650 1235 736 post
1286 639 1570 732 Olymp.
1611 639 1908 720 Lxxx.
1970 639 2041 708 2.
2100 663 2241 733 quo
2288 649 2604 732 tempore
2658 648 2810 712 acta
2866 649 2969 710 est

724 747 1015 819 Orestea
1034 794 1057 834 ,
1107 742 1389 839 poeta⁰m
1432 766 1656 813 rursus
1698 743 1769 810 in
1813 743 2135 839 Siciliam
2159 746 2545 838 profectum
2576 769 2759 832 esse,
2808 746 2968 835 quia

719 853 921 922 tertio
960 859 1121 943 post
1152 850 1344 918 illam
1385 847 1885 943 profectionem
1919 871 2095 916 anno
2109 897 2131 935 ,
2182 870 2395 938 quum
2437 871 2644 918 annos
2679 849 2969 918 haberet

721 956 936 1027 LXV.
1001 955 1091 1022 ab
1146 975 1231 1023 eo
1284 955 1615 1044 scriptore
1666 960 1969 1019 mortuus
2034 953 2105 1019 in
2173 952 2405 1023 Sicilia
2461 976 2603 1022 esse
2660 953 2964 1021 traditur.

722 1060 908 1129 Hinc
959 1057 1358 1153 intelligitur
1371 1107 1392 1143 ,
1453 1057 1523 1123 in
1564 1054 1674 1123 his
1726 1077 2037 1144 quoque,
2117 1079 2296 1144 quae
2339 1055 2412 1123 in
2463 1057 2598 1125 vita
2636 1055 2969 1146 Aeschyli

724 1163 817 1231 de
884 1162 1118 1231 Siculo
1191 1162 1319 1228 isto
1376 1161 1618 1229 itinere
1675 1159 1926 1252 scripta
2003 1168 2154 1227 sunt
2169 1207 2190 1245 ,
2299 1159 2560 1229 diversa
2628 1162 2967 1251 tempora,

724 1266 1155 1355 diversasque
1203 1266 1619 1332 ‘narrationes
1635 1311 1656 1348 ,
1741 1271 1807 1331 et
1867 1263 2088 1353 magis
2163 1263 2367 1332 etiam
2380 1313 2402 1350 ,
2491 1286 2698 1352 quam
2763 1274 2971 1354 puta-

723 1370 956 1455 batur,
1009 1369 1317 1438 confusas
1355 1391 1520 1437 esse.
1611 1364 1818 1443 Nam
1870 1375 2139 1457 praeter
2184 1366 2340 1433 illos
2356 1415 2376 1452 ,
2442 1368 2561 1456 qui
2600 1364 2970 1460 Olympia-

724 1472 884 1541 dem
963 1472 1159 1540 LXX
1248 1480 1318 1539 et
1409 1466 1719 1560 collapsa
1803 1468 2108 1536 tabulata
2181 1479 2752 1555 memoraverunt,
2860 1470 2975 1537 alii

719 1576 792 1644 in
831 1576 1134 1647 Siciliam
1175 1574 1568 1666 profectum
1609 1595 1755 1640 esse
1794 1571 2214 1662 Aeschylum
2269 1572 2573 1642 dixerant
2616 1575 2707 1642 ob
2748 1573 2973 1643 victo-

718 1681 891 1749 ri‘am
933 1679 1333 1763 SimonidiS,
1383 1699 1560 1766 quae
1597 1675 1902 1766 -pertinet
1941 1677 2032 1769 ad
2076 1674 2355 1767 Olymp.
2390 1677 2703 1746 LXXIII.
2752 1675 2823 1744 l.
2860 1676 2974 1743 alii

720 1784 815 1850 ob
878 1782 1231 1852 victoriam
1296 1779 1668 1872 Sophoclis
1688 1827 1709 1865 ,
1799 1802 1841 1846 a
1912 1802 2052 1868 quo
2120 1790 2465 1871 superatus
2528 1790 2627 1848 est
2688 1779 2970 1870 Olymp.

717 1884 1069 1956 LXXVII.
1113 1880 1188 1956 4.
1242 1883 1359 1952 alii
1402 1883 1697 1973 denique
1742 1883 1834 1950 ob
1881 1882 2205 1951 invidiam
2262 1892 2332 1953 et
2371 1885 2559 1953 litem
2572 1932 2593 1968 ,
2659 1884 2785 1954 cui·
2821 1884 2972 1952 Eu·-

719 1987 1022 2057 menides
1080 2009 1308 2055 ansam
1362 1986 1727 2070 dederant,
1820 2009 1998 2074 quae
2063 2009 2170 2055 res
2236 1987 2476 2057 incidit
2536 1987 2607 2055 in
2686 1985 2971 2078 Olymp.

718 2091 999 2167 LXXX.
1052 2090 1121 2158 2.
1174 2090 1292 2159 Ad
1335 2088 1516 2160 hanc
1541 2098 1960 2182 postremam
1994 2091 2481 2178 narrationem,
2534 2113 2823 2180 eamque
2856 2113 2973 2158 so-

705 2196 861 2264 ‘lam
879 2245 900 2282 ,
951 2194 1242 2285 quadrat
1277 2193 1489 2281 illud,
1561 2193 1754 2284 quod
1794 2193 1993 2262 tertio
2027 2204 2200 2286 post
2250 2216 2424 2262 anno
2479 2204 2782 2262 mortuus
2828 2217 2973 2262 esse
3106 2228 3113 2237 x

720 2299 985 2369 dicitur.
1090 2298 1236 2367 Sed
1276 2299 1347 2365 in
1385 2296 1714 2388 Aeschyli
1765 2298 1903 2365 vita
1942 2297 2120 2367 haec
2136 2346 2158 2384 ,
2211 2320 2421 2388 quum
2469 2322 2508 2365 e
2561 2298 2755 2365 variis
2799 2299 2974 2365 scri-

716 2404 1025 2495 ptoribus
1068 2401 1387 2471 adnotata
1417 2411 1633 2472 essent
1650 2449 1673 2487 ,
1724 2399 1795 2467 in
1826 2424 2034 2469 unum
2058 2409 2368 2482 tenorem
2400 2402 2759 2471 coniuncta
2784 2409 2973 2469 sunt:

717 2531 895 2596 quae
931 2507 987 2575 si
1021 2504 1308 2599 singula,
1360 2528 1498 2598 quo
1529 2503 1871 2598 pertinent
1889 2555 1911 2593 ,
1963 2505 2250 2592 referas,
2302 2528 2463 2573 vera
2491 2514 2682 2574 erunt
2711 2505 2976 2584 omnia3

713 2611 813 2677 sin
848 2611 978 2691 sic,
1019 2618 1121 2676 ‘ut
1158 2610 1256 2678 ibi
1298 2631 1599 2679 connexa
1650 2616 1837 2695 sunt,
1911 2609 2212 2700 probare
2254 2607 2441 2677 voles
2460 2655 2481 2695 ,
2550 2606 2722 2676 nihil
2767 2608 2840 2675 in
2891 2608 2973 2675 iis

716 2713 1016 2804 reperies
1067 2713 1211 2780 veri
1259 2711 1360 2802 *J-

922 2915 1067 2985 Sed
1124 2913 1320 2983 venio
1369 2936 1549 2984 nunc
1596 2914 1687 2982 ad
1747 2915 2053 2983 ultimam
2110 2915 2452 2985 Boeckhii
2495 2916 2972 3002 obiectionem,

717 3018 1000 3111 Olymp.
1026 3017 1334 3089 LXXX.
1372 3018 1441 3086 2.
1494 3019 1745 3106 inquit,
1799 3018 2212 3089 Eumenides
2259 3020 2328 3087 in
2370 3020 2480 3088 his
2525 3007 2770 3088 fabulis
2814 3020 2976 3088 fue-

716 3133 904 3207 runt,
975 3122 1217 3212 quibus
1275 3130 1421 3189 tum
1483 3120 1869 3211 Aeschylus
1930 3124 2283 3193 victoriam
2343 3132 2794 3214 consequutus
2839 3132 2973 3193 est:

713 3227 944 3315 itaque
1004 3247 1143 3294 non
1198 3234 1566 3315 potuerunt
1623 3226 1749 3292 illo
1813 3234 2124 3317 tempore
2194 3227 2603 3296 Eumenides
2669 3249 2973 3296 caussam

717 3332 782 3400 ei
832 3329 1317 3419 relinquendae
1362 3328 1624 3420 patriae
1655 3330 2008 3420 praebere.
2109 3331 2316 3399 Esto:
2367 3330 2742 3401 concedam
2788 3332 2971 3399 enim

714 3435 1074 3525 tanfisper:
1145 3430 1313 3520 quid
1355 3430 1516 3499 inde
1567 3430 2050 3519 consequitur?
2099 3433 2368 3525 Nempe
2409 3435 2583 3520 hoc,
2638 3434 2839 3502 aliam
2875 3434 2972 3502 ob

621 3552 709 3616 25
723 3561 1026 3610 caussam
1066 3536 1137 3604 in
1184 3535 1488 3604 Siciliam
1531 3557 1688 3602 eum
1742 3535 1997 3604 abiisse.
2100 3537 2279 3607 Nam
2325 3537 2413 3606 de
2459 3538 2643 3606 facto
2689 3537 2974 3626 quidem

718 3652 994 3711 constat.
1098 3640 1450 3712 Victorem
1489 3638 1627 3707 illo·
1661 3661 1838 3706 anno
1888 3646 1969 3710 ea
1997 3641 2367 3735 ,tetralogia
2397 3639 2809 3711 didascaliae
2842 3640 2974 3711 de-

805 3950 867 4028 ¹⁸²)
911 3948 1325 4011 Schneiderus
1359 3951 1425 4012 in
1466 3951 1570 4011 illa
1615 3970 1799 4030 quam
1841 3969 2026 4031 supra
2083 3951 2211 4012 dixi
2252 3951 2626 4032 praefatione
2669 3956 2971 4033 concedit,

722 4032 990 4114 saepius
1004 4035 1070 4093 in
1112 4035 1315 4096 Sicilia
1345 4038 1556 4097 ·fuisse
1598 4035 1992 4117 Sophoclem.
2064 4038 2173 4098 sed
2215 4057 2370 4118 quae
2412 4038 2487 4098 de
2543 4039 2800 4117 caussis,
2859 4062 2974 4103 cur

719 4119 983 4203 patriam
1023 4119 1370 4198 reliquerit,
1415 4121 1668 4186 diversa
1708 4130 2069 4199 narrantur,
2131 4144 2252 4205 pro
2284 4123 2575 4193 ,inanibus
2619 4128 2971 4188 commentis

718 4204 929 4271 habet.
1012 4203 1151 4263 Non
1192 4207 1481 4284 refragor,
1528 4208 1634 4287 qui
1677 4208 1822 4267 satis
1863 4206 2115 4269 habeam
2156 4209 2635 4290 demonstrasse,
2678 4230 2807 4272 non
2839 4232 2971 4282 esse

636 4356 644 4364 ,
718 4291 894 4353 illum
936 4270 1123 4347 semel
1164 4297 1398 4350 tantum
1438 4290 1503 4350 in
1546 4292 1805 4352 Siciliam
1853 4294 2215 4373 profectum,
2257 4294 2359 4355 sed
2406 4299 2666 4396 saepius,
2714 4318 2972 4358 eorum-

723 4397 841 4456 que
888 4375 1171 4434 itinerum
1212 4383 1483 4454 tempora
1526 4397 1604 4435 ex
1642 4377 1717 4436 iis
1762 4379 2023 4457 caussis,
2077 4381 2156 4442 ob
2212 4402 2362 4462 quas
2400 4381 2564 4443 illuc
2598 4383 2784 4446 ivisse
2826 4402 2971 4445 eum

724 4462 970 4540 quidam
1016 4458 1435 4536 crediderunt,
1476 4481 1654 4540 posse
1697 4463 1931 4527 coniici.
