3325 5317
739 429 872 494 ω
1280 422 1397 485 DE
1445 421 2437 487 MVSIS.FLVVIALIBvs

742 620 957 690 opere
1005 596 1097 666 de
1155 595 1241 664 iis
1298 595 1620 687 seriptum
1693 594 1896 666 fuerit
1911 595 1947 665 Ρ
2029 596 2187 664 Νοιι
2232 603 2443 665 exstat
2499 596 2709 682 enim,
2784 600 2984 689 quod

742 724 881 795 ego
964 701 1172 771 sciam
1187 748 1209 785 ‚
1289 699 1570 789 aliquod
1631 699 1910 769 Eumeli
1973 698 2428 790 fragmentum
2444 749 2468 789 ,
2563 701 2745 770 unde
2806 724 2983 772 eon-

739 806 1071 876 ieeturam
1151 823 1399 895 capere
1474 803 1677 874 lieeat
1691 851 1713 888 ,
1765 862 1772 871 .
1804 803 1929 871 nisi
2016 801 2195 872 forte
2290 802 2391 871 illi
2439 868 2446 875 .
2484 812 2644 874 octo
2726 828 2975 891 versus,

740 931 914 999 quos
988 905 1435 977 Ruhnkenius
1517 906 1566 972 l.
1647 906 1697 972 l.
1759 906 2134 977 ,tractavitz
2255 906 2375 995 qui
2462 927 2601 977 non
2680 907 2979 977 debebat

740 1013 1071 1082 Tzetzam
1146 1008 1237 1079 ad
1320 1008 1856 1100 Lycophronem
1928 1031 1993 1077 v.
2078 1005 2303 1076 1024.
2399 1017 2467 1078 et
2548 1011 2764 1079 multo
2841 1012 2975 1079 mi-

739 1138 864 1184 nus
959 1112 1359 1184 Pausaniam
1448 1113 1538 1181 11.
1637 1110 1724 1198 3,
1824 1110 1897 1182 8.
1998 1110 2391 1202 negligere,
2488 1113 2608 1201 qui
2695 1113 2976 1199 eosdem

739 1218 1014 1288 Eumeli
1083 1239 1308 1287 versus
1376 1223 1828 1307 respexerunt.
1952 1214 2035 1283 ln
2094 1214 2338 1303 quibus
2399 1216 2695 1285 versibus
2764 1239 2975 1306 quum

737 1323 946 1391 Aloei
1030 1320 1285 1389 mentio
1361 1319 1512 1403 fiat,
1611 1317 1909 1387 Aloidae
2003 1325 2230 1387 autem
2320 1318 2565 1387 eodem
2648 1320 2974 1389 Pausania

737 1435 1012 1495 auctore
1078 1424 1197 1492 IX.
1251 1420 1351 1490 29
1370 1471 1391 1508 ‚
1460 1421 1529 1488 2.
1578 1421 1781 1493 trium
1825 1422 2181 1490 Musarum
2220 1421 2477 1491 cultum
2522 1422 2593 1490 in
2636 1422 2972 1493 Helieone

737 1522 1228 1611 constituerint,
1296 1526 1630 1596 coniicere
1706 1524 1856 1615 quis
1939 1525 2153 1616 possit
2169 1576 2190 1612 ‚
2275 1525 2405 1593 has
2460 1526 2640 1616 ipsas
2718 1525 2971 1612 Musas,

735 1656 904 1722 quas
968 1630 1275 1699 Meleten
1288 1676 1309 1712 ‚
1388 1628 1717 1697 Mnemen
1733 1681 1754 1717 ‚
1834 1638 1922 1698 et·
1953 1627 2242 1698 Aoeden
2307 1629 2688 1720 appellatas
2749 1630 2972 1700 scribit

739 1733 1097 1804 Pausanias
1116 1780 1137 1816 ‚
1189 1732 1333 1799 aliis
1369 1732 1751 1800 nominibus
1790 1734 1881 1829 ab
1911 1732 2206 1801 Eumelo
2241 1733 2582 1825 insignitas
2614 1756 2777 1803 esse.
2825 1733 2970 1802 Ve-

740 1860 892 1906 rum
930 1846 1003 1905 et
1040 1837 1248 1927 plane
1276 1835 1611 1904 incertum
1652 1834 1795 1906 hoe
1849 1844 1983 1922 est,
2034 1856 2197 1920 nec,
2248 1836 2301 1903 si
2339 1859 2573 1904 verum
2605 1845 2810 1921 esset,
2859 1835 2970 1905 ul-

739 1941 885 2009 lum
916 1938 1080 2008 inde
1123 1938 1386 2007 lucrum
1425 1938 1823 2008 faceremus.
1924 1939 2164 2028 Itaque
2205 1938 2373 2008 nihil
2407 1940 2603 2009 nobis
2654 1941 2781 2011 nisi
2820 1940 2968 2030 ipsa

736 2044 860 2112 illa
905 2044 994 2113 de
1040 2042 1254 2110 Musis
1309 2042 1445 2110 istis
1494 2043 1824 2128 narratio,
1886 2065 2094 2131 quam
2140 2043 2673 2129 consideremus,
2723 2043 2970 2112 relicta

741 2157 860 2220 est.
963 2147 1044 2215 In
1089 2168 1226 2235 qua
1271 2155 1425 2214 ante
1470 2147 1694 2215 omnia
1734 2144 2098 2216 videndum
2114 2195 2136 2231 ‚
2203 2169 2291 2214 an
2331 2156 2520 2217 reete
2561 2170 2633 2215 se
2672 2146 2970 2215 habeant

645 2251 1018 2322 Mnomina
1063 2250 1188 2318 ista
1226 2249 1598 2318 Musarum.
1712 2250 1807 2319 Et
1844 2249 2032 2341 apud
2074 2250 2403 2319 Tzetzam
2447 2249 2723 2340 quidem
2767 2259 2971 2340 atque

735 2354 1119 2426 Eudociam
1163 2352 1448 2445 legitur,
1497 2351 1926 2448 Κηφισοῦν,
1978 2349 2517 2443 Ἀπολλωνίδα,
2564 2357 2945 2450 Βαρυσθε·

735 2457 923 2533 uida.
1025 2458 1106 2526 In
1147 2455 1531 2548 fragmento
1580 2456 1672 2525 de
1713 2454 1930 2523 Musis
1971 2466 2232 2542 autem,
2284 2455 2611 2552 icpcooiiv·
2679 2459 2966 2528 πολλω-

735 2561 902 2636 vida
921 2585 938 2605 ·
998 2559 1120 2634 καὶ
1150 2557 1612 2657 κρυσθενίδα.
1718 2559 1964 2629 Codex
1999 2560 2204 2631 Paris.
2245 2559 2435 2651 apud
2463 2558 2964 2642 Ruhnkenium,

734 2662 1198 2760 Κιφησιοῦν,
1247 2658 1778 2752 Ἀπολλωνίδα,
1830 2662 1948 2735 καὶ
1977 2663 2511 2759 Βορυσθενίδα.
2565 2663 2749 2732 Hine
2780 2659 2965 2730 docti

736 2766 1184 2850 consentiunt,
1234 2765 1506 2834 nomina
1533 2765 1883 2837 Musarum
1912 2764 2115 2837 fuisse
2150 2764 2623 2862 Κηφισσοῦν,
2679 2764 2963 2838 Ἀπολ-

731 2868 997 2943 λωνιδα
1013 2924 1042 2961 ,
1095 2867 1633 2965 Βορυσθενίδα.
1734 2867 1919 2937 Mihi
1955 2891 2118 2938 vero
2148 2868 2289 2941 hoc
2320 2869 2593 2938 minime
2632 2866 2963 2936 satisfacit.

733 2973 923 3059 Quid
965 2982 1064 3043 est
1111 2973 1323 3058 enim,
1374 2994 1585 3062 quare
1625 2971 1803 3042 duae
1834 2982 2094 3042 tantum
2131 2972 2374 3069 Musae
2409 2996 2451 3040 a
2489 2972 2704 3040 fluviis
2745 2970 2964 3040 nomi-

729 3086 931 3145 natae
973 3077 1139 3159 sint,
1189 3098 1326 3144 non
1371 3075 1575 3144 etiam
1615 3078 1813 3145 tertia
1829 3075 1864 3143 Ρ
1936 3075 2023 3145 Id
2063 3098 2200 3145 non
2252 3075 2464 3145 modo
2511 3077 2756 3144 mirum
2770 3123 2791 3159 ‚
2842 3072 2962 3145 sed

730 3180 1035 3270 ineptum
1063 3185 1179 3246 est.
1282 3179 1460 3245 Nam
1483 3201 1660 3266 quae
1700 3179 1962 3271 origine
1981 3227 2002 3263 ‚
2052 3181 2437 3248 muneribus
2450 3227 2472 3264 ‚
2523 3179 2765 3255 officiis
2793 3199 2961 3245 eon-

729 3282 1000 3353 iunctae
1043 3288 1194 3351 sunt
1209 3327 1230 3365 ,
1282 3281 1484 3347 etiam
1527 3282 1906 3353 nominibus
1952 3281 2205 3355 debent
2254 3284 2558 3375 cognatis
2600 3278 2961 3373 appellari,

729 3387 855 3457 nisi
903 3408 1065 3457 casu
1120 3383 1331 3451 indita
1384 3382 1587 3451 fuisse
1644 3386 1920 3453 nomina
1974 3385 2352 3475 putandum
2410 3394 2544 3471 est,
2627 3384 2819 3475 quod
2872 3384 2958 3450 ab

730 3492 916 3561 omni
952 3489 1210 3579 ratione
1260 3486 1736 3579 mytholog-iae
1777 3489 2131 3558 abhorret.
2246 3488 2515 3558 Deinde
2562 3511 2727 3558 vero
2767 3487 2961 3555 tertia

727 3596 845 3663 illa
890 3618 1012 3665 cur
1060 3591 1419 3686 Apollonis
1466 3590 1649 3661 dicta
1694 3600 1792 3662 est
1806 3640 1827 3676 ‚
1892 3591 2083 3682 ‘quod
2134 3615 2384 3661 nomen
2440 3592 2643 3661 etiam
2696 3614 2826 3683 per
2887 3612 2959 3657 se

728 3694 1033 3789 ineptum
1068 3720 1211 3766 esse
1239 3693 1684 3787 intelligitur?
1737 3696 1986 3765 Filiam
2026 3696 2201 3764 enim
2228 3695 2568 3786 Apollinis
2606 3695 2956 3787 signifieat.

730 3803 940 3889 Atqui
973 3822 1207 3869 omnes
1233 3796 1370 3867 hae
1415 3807 1550 3868 tres
1581 3798 1826 3867 Musae
1867 3799 2203 3891 Apollinis
2231 3799 2417 3867 filiae
2450 3807 2637 3867 erant
2654 3846 2674 3884 ‚
2697 3831 2705 3837 ·
2728 3807 2803 3867 ut
2826 3819 2961 3864 non

731 3924 868 3971 una
921 3927 1187 3991 earum,
1276 3901 1399 3981 sed
1455 3924 1689 3973 omnes
1749 3901 1888 3974 diei
1942 3901 2394 3994 Apollonides
2455 3901 2814 3971 debuerint
2862 3896 2956 3990 *).

814 4251 873 4340 *)
907 4253 1078 4329 Quae
1101 4252 1197 4314 his
1225 4257 1512 4337 opposuit
1531 4259 1930 4321 Buttmannus
1962 4280 2027 4340 p.
2055 4258 2200 4328 504.
2226 4280 2352 4319 non
2382 4260 2672 4321 videntur
2704 4259 2849 4320 mihi
2871 4258 2953 4318 in·

728 4338 968 4401 firmare
1005 4359 1194 4400 meam
1221 4345 1589 4404 sententiam.
1674 4346 1827 4406 Nam
1854 4347 2020 4426 quod
2048 4349 2162 4425 ait,
2206 4366 2239 4406 e
2266 4347 2637 4447 Cyelopibus
2671 4368 2796 4407 non
2830 4345 2956 4407 veri

730 4426 925 4489 simile
962 4445 1094 4489 esse
1126 4427 1395 4490 Bronten
1418 4428 1506 4491 nil
1531 4430 1652 4492 nisi
1678 4431 1925 4513 tonitru,
1971 4392 2262 4515 Steropen
2295 4433 2387 4494 nil
2424 4434 2542 4495 nisi
2568 4435 2798 4497 fulmen
2834 4452 2958 4494 esse
