3325 5317
1170 428 1792 527 nmnnmirs.
2247 494 2250 499 -
2474 462 2601 527 ιιι

368 631 745 727 τασχοῦσα
779 639 941 717 ταῖς
984 630 1361 731 ἀδελφαῖς,
1420 632 1547 717 καὶ
1587 635 1699 732 τῷ
1740 628 2226 730 βουλεύσαντι
2262 660 2353 708 το
2401 630 2603 708 ὄνει-

371 742 494 822 δος
531 735 819 857 ηὔξησε·
930 743 1270 834 κριθεῖσα
1329 737 1406 811 δὲ
1455 742 1534 810 ἑν
1582 744 1739 820 τοῖς
1798 735 2160 837 Ἀργείοις
2204 731 2603 833 ἀποφεύγει

367 868 456 915 τε
472 893 502 930 ,
553 841 673 914 καὶ
702 835 1155 939 Ἀφροδίτην
1194 837 1311 914 ἔπι
1352 837 1540 933 τῷδε
1580 836 1894 940 α’νέθηκε
1936 835 2351 937 νικηφόρον.
2454 840 2602 908 Iam

369 944 426 1012 si
477 942 891 1032 quaerinnuS‚
970 945 1340 1015 alterumue
1381 941 1592 1027 illud,
1656 967 1744 1012 an
1792 943 1934 1015 hoc
1975 944 2297 1015 iudicium
2348 943 2417 1010 in
2456 943 2605 1011 Da—

366 1047 674 1115 naidibus
717 1045 1173 1117 introductum
1207 1045 1440 1132 fuerit,
1491 1046 2063 1138 Hypermnestrae
2092 1045 2371 1137 quidem
2404 1068 2605 1115 caus-

366 1172 510 1217 sam
552 1149 621 1216 in
663 1147 803 1218 hac
841 1149 1074 1218 fabula
1116 1158 1336 1218 actam
1369 1171 1512 1217 esse
1528 1196 1549 1233 ,
1599 1151 1713 1217 vix
1756 1149 1906 1218 sinit
1947 1148 2254 1219 dubitare
2288 1150 2606 1242 praecla-

367 1276 522 1321 rum
563 1252 1052 1343 fragmentum,
1104 1251 1296 1341 qnod
1341 1274 1424 1320 ex
1473 1255 1776 1321 oratione
1808 1251 2089 1322 Veneris
2120 1251 2604 1343 depromptum

366 1364 488 1424 est.
556 1355 682 1443 ‚At
722 1357 987 1425 obstare
1031 1356 1298 1426 videtur
1339 1352 1685 1446 inscriptio
1724 1355 2031 1440 fabulae,
2084 1377 2260 1445 quae
2304 1355 2393 1424 ‹le
2446 1378 2607 1425 cae-

364 1458 524 1526 teris
564 1458 789 1550 potius
822 1459 1165 1528 sororibus
1185 1508 1208 1547 ‚
1265 1458 1380 1527 vel
1411 1459 1614 1527 etiam
1661 1458 1752 1527 de
1793 1457 2107 1528 universis
2148 1458 2453 1550 cogitare
2482 1460 2608 1528 iu-

362 1562 505 1630 bet.
611 1557 1073 1652 Omninoque,
1138 1562 1195 1629 si
1233 1584 1372 1631 non
1417 1561 1703 1632 dubium
1758 1561 2023 1631 videtur
2060 1561 2399 1629 Danaides
2442 1563 2605 1630 sub-

363 1663 621 1733 iunctas
663 1665 865 1735 fuisse
907 1664 1346 1757 Supplicibus
1362 1712 1386 1750 ‚
1443 1665 1811 1756 permirum
1828 1713 1851 1751 ,
1899 1688 1989 1734 ne
2031 1664 2255 1735 dicam
2300 1666 2606 1755 ineptum

361 1766 578 1852 foret,
628 1770 1002 1861 praeteritis
1027 1769 1304 1840 caeteris
1342 1767 1430 1835 ‹le
1461 1790 1594 1836 una
1628 1768 2161 1860 Hypermnestra
2198 1767 2337 1859 agi.
2391 1767 2604 1852 Quod
2663 1772 2672 1777 “

365 1871 424 1939 si
462 1871 625 1939 illae
661 1871 1012 1964 praeteriri
1050 1893 1189 1941 non
1243 1879 1645 1963 potuerunt,
1715 1871 1991 1941 defensa
2032 1879 2131 1939 est
2180 1880 2406 1939 autem
2449 1871 2606 1960 Hy-
2735 1938 2743 1947 ,

361 1985 779 2066 permnestra
794 2021 817 2059 ‚
900 1975 997 2045 sic
1054 1975 1283 2066 potius
1323 1973 1752 2042 statuendum
1799 1975 1962 2059 erit,
2029 1981 2388 2063 utrumque
2423 1972 2606 2042 iudi-—

366 2077 549 2148 cium
596 2100 638 2143 a
678 2084 891 2169 poeta
938 2079 1365 2147 coniunctum
1416 2099 1560 2145 esse
1603 2074 1703 2164 *).
1832 2076 1927 2143 Et
1986 2075 2381 2147 coniunctae
2430 2098 2603 2168 pro-

362 2180 552 2249 fecto
592 2189 741 2248 sunt
782 2200 1085 2266 caussae,
1137 2177 1365 2268 quod,
1433 2177 1488 2245 si
1517 2176 1901 2270 puniendae
1944 2186 2169 2267 erant,
2237 2201 2416 2269 quae
2467 2202 2591 2271 pa·

361 2290 700 2351 traverant
739 2276 1061 2351 caedem
1037 2329 1059 2371 ‚
1126 2279 1540 2377 absolvenda
1602 2289 1747 2349 erat
1760 2327 1782 2365 ‚
1857 2304 2035 2370 quae
2085 2302 2225 2350 non
2283 2287 2653 2372 patrans-8

363 2393 505 2467 ηις
564 2386 665 2454 sin
728 2384 906 2458 haec
953 2407 1253 2479 poenam
1312 2366 1684 2473 meruerat,
1757 2383 1891 2458 illis
1958 2382 2398 2459 concedenda
2459 2395 2605 2455 erat

365 2489 748 2581 impunitas,

571 2645 864 2716 Scenam
915 2642 1188 2714 fabulae
1235 2641 1439 2737 Argis
1484 2643 1687 2714 fuisse
1739 2664 2011 2714 necesse
2054 2650 2169 2714 oet.
2272 2640 2381 2713 Ibi
2424 2643 2603 2713 enim

361 2745 617 2818 factam
659 2748 980 2830 caedem,
1032 2750 1394 2840 scriptores
1437 2766 1673 2817 omnes
1718 2748 2151 2818 consentiunt.
2252 2749 2335 2817 In
2376 2757 2605 2821 caete-

363 2854 457 2920 ris
503 2854 706 2920 rebus
742 2852 1050 2919 nonnihil
1077 2851 1480 2943 discrepant.
1581 2851 1893 2920 Danaum
1937 2851 2249 2943 plerique
2286 2854 2605 2943 regnasse

362 2955 571 3046 Argis
600 2954 862 3039 dicunt,
914 2962 985 3022 et
1008 2953 1433 3024 'scholiastae
1465 2955 1810 3046 Euripidis
1852 2954 2130 3044 quidem
2171 2975 2308 3023 non
2342 2977 2426 3022 ex
2458 2955 2604 3024 Ae-

364 3067 588 3149 gypto
630 3057 1040 3149 profugum,
1092 3057 1215 3126 sed
1248 3059 1337 3126 ab
1378 3056 1565 3125 initio
1595 3057 2016 3127 habitantem
2045 3058 2271 3150 Argis.
2370 3052 2605 3149 Hygi-

363 3174 487 3229 nus
527 3170 596 3229 et
626 3161 918 3245 Servius,
971 3183 1055 3229 ex
1079 3161 1407 3252 Aegypto
1439 3161 1715 3246 venisse,
1769 3171 1839 3229 et
1866 3182 2083 3252 regno
2117 3183 2258 3230 esse
2286 3160 2600 3252 potitum.

362 3264 461 3333 Et
500 3265 597 3335 sic
644 3266 845 3333 etiam
887 3263 1353 3355 Apollodorus
1406 3272 1476 3332 et
1516 3264 1877 3334 Pausanias
1919 3263 2008 3332 11.
2051 3262 2176 3350 16,
2227 3261 2299 3332 1.
2352 3261 2480 3357 19,
2530 3263 2601 3332 3.

365 3367 485 3456 qui
524 3389 812 3460 regnum
851 3369 919 3437 ei·
963 3391 1006 3436 a
1050 3367 1391 3437 Gelanore
1434 3367 1756 3437 traditum
1801 3369 2053 3437 dicunt.
2153 3366 2263 3435 De
2302 3359 2603 3437 facinore

362 3471 749 3563 puellarum
808 3468 1261 3563 discrepantes
1307 3472 1745 3558 narrationes,
1835 3494 2019 3561 quae
2053 3470 2144 3539 ad
2182 3469 2602 3560 Aeschylum

363 3572 622 3662 aliquid
662 3573 890 3644 facere
926 3572 1214 3663 possint,
1264 3575 1424 3666 ipsis
1470 3576 1874 3666 scriptorum
1906 3569 2124 3642 verbis
2152 3571 2399 3641 afferre
2438 3571 2602 3665 pla-

364 3685 496 3746 cet.
596 3675 1106 3769 Apollodorus.
1148 3681 1222 3749 οἱ
1265 3678 1342 3751 δὲ
1385 3670 1774 3769 Αἰγύπτου
1825 3679 2071 3757 παῖδες
2110 3664 2454 3756 ἐλθόντες
2500 3676 2601 3756 εἰς

354 3777 626 3875 Αργος
637 3835 667 3870 ,
719 3779 846 3876 τῆς
877 3807 960 3852 τε
995 3780 1264 3874 ἔχθρας
1288 3772 1724 3853 παύσασθαι
1763 3771 2262 3898 παρεκάλουν,
2313 3775 2437 3849 καὶ
2467 3768 2601 3859 τοῖς

364 3885 797 4001 θυγατέρας
807 3879 1046 3956 αὐτου
1085 3888 1349 3974 γαμεῖν
1395 3876 1656 3977 η’ξιόυν
1762 3873 2063 3961 Δαναός
2092 3880 2224 3969 δέ,
2268 3875 2427 3971 ἅμα
2458 3880 2601 3975 μεν

362 3979 694 4060 ἀπιστῶν
751 3980 998 4059 αὐτων
1058 3987 1220 4064 τοῖς
1257 3985 1837 4079 ἐπαγγέλμασιν,
1915 3981 2075 4078 ἅμα
2122 3981 2200 4057 δὲ
2236 4004 2598 4081 μνησιναψ

324 4354 331 4359 ,
441 4286 497 4371 *)
526 4288 898 4350 Dissentiunt
945 4284 1298 4350 Welckerns
1336 4286 1403 4347 in
1439 4240 1716 4366 Trilogia'
1750 4286 2031 4370 Aeschyli
2081 4309 2144 4370 p.
2182 4289 2332 4357 405.
2359 4244 2597 4347 “xsu-

354 4375 608 4437 vernius
644 4375 710 4435 in
753 4375 1210 4450 dissertatione,
1283 4373 1383 4433 cui
1420 4372 1686 4437 indicem
1726 4374 1898 4436 fecit:
1970 4374 2114 4435 iiber
2172 4375 2290 4435 den
2331 4371 2599 4431 his-ton·-

317 4486 329 4493 ·
360 4461 539 4520 when
580 4461 895 4521 character
934 4458 1041 4523 dec
1089 4458 1315 4518 drama
1346 4479 1431 4543 .P·
1473 4460 1583 4528 65.

461 4550 707 4619 Ηιιιιιι.
761 4547 897 4622 ΟΡ.
950 4549 1039 4618 11.
2151 4492 2218 4611 X
