3325 5317
905 504 1095 568 mn
1148 506 1279 571 ra.
1335 505 2066 572 ιιΝυΕΜΔΝΝνΜ.
2236 507 2253 546 “·
2404 585 2419 598 κ
2525 511 2657 577 25⁰

401 678 644 772 piique
691 702 734 749 e
769 686 983 773 poeta
1025 680 1243 773 petiti.
1344 678 1694 754 confundi
1747 687 1973 751 autem
2014 677 2381 751 Heliodori
2422 665 2656 752 Hero-

402 783 687 874 dotique
742 786 1015 853 nomina
1074 785 1230 854 satis
1283 794 1566 853 constat.
1687 781 2122 876 Omninoque
2177 788 2656 878 grammaticus

396 888 523 956 iste
560 888 957 957 Herodotus
1001 889 1098 955 ita
1142 887 1316 957 mihi
1364 896 1715 980 suspectus
1762 897 1903 977 est,
1972 900 2050 960 111
2089 911 2333 978 verear
2373 911 2458 958 an
2499 914 2654 961 um-

397 1013 606 1080 quam
648 993 825 1061 ullus
869 993 1088 1062 fuerit.
1953 1021 1959 1026 ·

605 1213 723 1283 Ad
754 1213 1211 1307 Hipponactis
1256 1213 1642 1308 fragmenta
1688 1214 1879 1305 quod
1912 1215 2178 1302 attinet,
2227 1212 2657 1309 perdifficilis

401 1318 784 1394 emendatio
832 1328 967 1404 est,
1023 1320 1185 1409 quia
1232 1318 1329 1386 sic
1372 1329 1473 1388 est
1521 1320 1874 1405 facienda,
1925 1329 2001 1388 ut
2044 1320 2244 1389 simul
2288 1331 2356 1389 et
2406 1321 2683 1390 Helio-.

399 1422 605 1490 dorus
659 1431 730 1490 et
773 1422 1151 1518 Hipponax
1200 1423 1701 1492 excusationem
1759 1423 2035 1492 habeat.
2150 1424 2245 1493 Et
2294 1423 2386 1493 de
2428 1425 2655 1516 primo

397 1525 677 1616 quidem
722 1548 953 1611 versu,

601 1665 833 1776 Ἐρέω
877 1705 1019 1777 γαρ
1054 1673 1282 1752 οὕτω·
1334 1672 1703 1777 Κυλλήνιε
1739 1671 2092 1760 Μαιαδος
2121 1674 2395 1779 Ερμῆ,

397 1849 713 1920 dubitare
754 1847 958 1941 coepi
1004 1872 1092 1917 au
1146 1848 1202 1917 is
1244 1857 1431 1920 recte
1476 1872 1576 1919 se
1603 1848 1882 1920 habeat.
1998 1850 2286 1943 Legisse
2342 1851 2524 1920 enim
2562 1851 2657 1926 ita

400 1955 859 2024 Heliodorum
910 1953 1286 2022 Priscianus
1333 1953 1571 2039 docet,
1666 1954 1787 2042 qui
1839 1973 2055 2045 quum
2096 1964 2417 2045 quartum.
2454 1956 2657 2045 quin-

397 2067 676 2178 tumque
699 2055 706 2064 ”
728 2057 987 2149 pedem
1037 2055 1346 2145 dactylos
1412 2079 1556 2125 esse
1607 2056 1831 2142 dicat,
1899 2066 2214 2148 repetere
2265 2058 2536 2128 videtur
2580 2059 2657 2128 id

395 2162 664 2252 ipsum,
717 2159 909 2248 quod
937 2158 1353 2227 Heliodorus
1383 2159 1762 2249 scripseras.
1862 2163 2042 2230 Nam
2079 2160 2255 2229 illud
2296 2171 2485 2230 recte
2518 2184 2655 2254 pu·-

393 2273 469 2332 to
507 2263 919 2348 Mulierum,
974 2261 1318 2354 collegam
1362 2270 1589 2347 tuum,
1641 2261 2222 2350 animadvertisse,
2276 2264 2493 2334 alludi
2536 2264 2656 2335 hic

394 2367 502 2436 1111·
527 2366 1126 2458 compellationem
1166 2365 1496 2434 Mercurii
1532 2368 1746 2459 epicis
1784 2368 2119 2438 usitatam
2167 2367 2389 2453 Quis
2428 2351 2654 2437 autern

399 2472 583 2540 dicat
638 2469 890 2555 hodie,
960 2490 1098 2559 quo
1147 2470 1283 2538 fine
1327 2469 1457 2538 ista
1499 2471 1839 2562 scripserit
1875 2472 2301 2562 Hipponax
2354 2480 2431 2541 et
2468 2472 2655 2542 cuius

392 2576 514 2646 ille
549 2598 772 2645 versus
806 2519 899 2642 ad
940 2574 1146 2642 risum
1193 2573 1550 2644 traducere
1579 2575 1917 2643 voluerit?
1969 2575 2180 2661 Quod
2210 2575 2330 2644 isse
2367 2577 2427 2644 si
2465 2574 2653 2662 feeit,

395 2679 708 2749 consulto
744 2677 1021 2762 debuit,
1085 2676 1405 2767 quoniam
1434 2679 1656 2747 verbis
1698 2679 1830 2746 illis
1871 2679 2198 2750 utendum
2244 2688 2421 2763 erat,
2485 2701 2652 2771 pra·-

393 2807 556 2852 vum
608 2805 877 2851 versum
913 2781 1229 2852 condere.
1281 2780 1479 2850 Idem
1520 2781 1689 2852 fecit
1731 2782 2068 2856 Rhintho.
2092 2783 2280 2876 apud
2312 2781 2654 2874 Hephae-

394 2887 680 2956 stionem
725 2909 799 2979 p.
834 2884 907 2953 4.
956 2884 1148 2977 (lo)

602 3068 694 3121 ως
737 3039 816 3112 σὲ
855 3031 1220 3120 Διόνυσος
1261 3030 1483 3120 αὐτος
1513 3033 1730 3135 ἐξώλη
1777 3038 1971 3139 θείη·
1994 3003 1997 3008 >

595 3135 1086 3223 Junm'muwc
1123 3135 1219 3215 τό
1257 3143 1568 3237 μέτρον·
1624 3139 1842 3217 οὐθεν
1889 3160 2028 3237 μοι
2084 3143 2325 3238 μέλει,

389 3299 598 3368 fassus
624 3296 808 3368 hic
787 3319 935 3389 lpse
965 3294 1188 3365 malou
1211 3313 1358 3365 esse
1380 3294 1511 3364 bos
1541 3313 1801 3364 versus.

599 3552 831 3622 Maior
862 3549 1192 3621 dubitatio
1228 3560 1328 3621 est
1359 3551 1447 3621 de
1480 3553 1695 3621 altero
1726 3574 1920 3620 versu
1937 3597 1959 3634 ‚
2011 3574 2086 3641 p.
2138 3546 2331 3621 248
2366 3545 2550 3616 cuius
2578 3546 2647 3617 in

389 3657 689 3729 secundo
731 3656 919 3747 pede
966 3655 1381 3747 spondeum,
1434 3656 1502 3722 in
1540 3666 1780 3745 quarto
1811 3649 2159 3743 dactylum
2204 3674 2347 3719 esse
2378 3674 2648 3721 necesse

391 3771 514 3835 est.
619 3761 900 3830 Tentari
937 3761 1156 3828 11111113
1179 3769 1477 3849 possunt.
1572 3753 1717 3827 Sed
1746 3757 2057 3825 omnium
2077 3737 2476 3824 facillimum
2520 3764 2643 3840 est,

385 3865 457 3934 in
495 3865 686 3956 quod
727 3875 1011 3934 tutemet
1050 3863 1372 3949 incidisti,
1437 3861 1690 3946 modo,
1756 3882 1895 3951 quo
1943 3857 2133 3927 ducit
2174 3858 2375 3927 etiam
2418 3859 2781 3933 0011011391)

386 3978 571 4055 111113,
626 3969 928 4038 dativum
966 3990 1224 4060 ponas,

528 4113 532 4117 ’
594 4115 767 4204 τοῦς
810 4117 1075 4222 ἄνδρας
1123 4114 1430 4200 τούτους
1474 4110 1696 4213 ὀδύνῃ
1741 4107 1974 4209 γύαλα
2019 4107 2308 4212 ριγηλοῖ,

389 4316 625 4363 manus
708 4315 879 4386 prae
940 4292 1186 4360 dolore
1265 4291 1767 4376 febricitantes,
1850 4289 1908 4357 si
1972 4296 2158 4358 recte
2220 4283 2493 4381 γύαλρν
2551 4284 2643 4362 de

385 4397 547 4465 vola
621 4420 855 4466 manus
910 4396 1049 4466 dici
1111 4395 1318 4463 tradit
1353 4395 1843 4485 EtymologuS‚
1907 4391 2100 4481 quod
2155 4402 2382 4459 tamen
2439 4388 2639 4457 valde

385 4503 749 4592 probabile
818 4510 937 4571 est.
1058 4498 1177 4570 sie
1235 4499 1455 4569 facilia
1518 4507 1588 4566 et
1644 4495 2067 4591 Hipponacti
2115 4502 2193 4665 fit
2238 4491 2638 4663 {leliodoro

1045 4887 1077 4926 s
1186 4926 1201 4939 s
