<?xml version="1.0" encoding="UTF-8"?>
<!DOCTYPE html PUBLIC "-//W3C//DTD XHTML 1.0 Transitional//EN"
    "http://www.w3.org/TR/xhtml1/DTD/xhtml1-transitional.dtd">
<html xmlns="http://www.w3.org/1999/xhtml" xml:lang="en" lang="en">
 <head>
  <title>
</title>
<meta http-equiv="Content-Type" content="text/html;charset=utf-8" />
  <meta name='ocr-system' content='tesseract 3.04.00' />
  <meta name='ocr-capabilities' content='ocr_page ocr_carea ocr_par ocr_line ocrx_word'/>
</head>
<body>
  <div class='ocr_page' id='page_1' title='image "./godofrediherman01fritgoog_0229.png"; bbox 0 0 3325 5317; ppageno 0'>
   <div class='ocr_carea' id='block_1_1' title="bbox 828 462 2579 597">
    <p class='ocr_par' dir='ltr' id='par_1_1' title="bbox 828 462 2579 597">
     <span class='ocr_line' id='line_1_1' title="bbox 828 462 2579 597; baseline 0.007 -24"><span class='ocrx_word' id='word_1_1' title='bbox 828 462 1334 597; x_wconf 70' lang='lat' dir='ltr'><strong>THEsAviu</strong></span> <span class='ocrx_word' id='word_1_2' title='bbox 1395 514 2078 579; x_wconf 76' lang='lat' dir='ltr'><strong>STEPHANIANJ.</strong></span> <span class='ocrx_word' id='word_1_3' title='bbox 2234 531 2235 534; x_wconf 75' lang='grc'>’</span> <span class='ocrx_word' id='word_1_4' title='bbox 2445 520 2579 586; x_wconf 76' lang='lat'><strong>225</strong></span> 
     </span>
    </p>
   </div>
   <div class='ocr_carea' id='block_1_2' title="bbox 315 686 2577 1917">
    <p class='ocr_par' dir='ltr' id='par_1_2' title="bbox 315 686 2577 1917">
     <span class='ocr_line' id='line_1_2' title="bbox 322 686 2577 780; baseline 0.004 -27"><span class='ocrx_word' id='word_1_5' title='bbox 322 686 586 774; x_wconf 90' lang='lat' dir='ltr'><strong>ubique</strong></span> <span class='ocrx_word' id='word_1_6' title='bbox 644 687 736 756; x_wconf 86' lang='lat' dir='ltr'><strong>ab</strong></span> <span class='ocrx_word' id='word_1_7' title='bbox 771 687 884 756; x_wconf 80' lang='grc' dir='ltr'><strong>-Η,</strong></span> <span class='ocrx_word' id='word_1_8' title='bbox 928 686 1285 780; x_wconf 80' lang='lat' dir='ltr'><strong>Stephano</strong></span> <span class='ocrx_word' id='word_1_9' title='bbox 1346 686 1761 759; x_wconf 84' lang='lat' dir='ltr'><strong>satisfactum</strong></span> <span class='ocrx_word' id='word_1_10' title='bbox 1822 690 2148 760; x_wconf 83' lang='lat' dir='ltr'><strong>videmus.</strong></span> <span class='ocrx_word' id='word_1_11' title='bbox 2266 691 2477 778; x_wconf 79' lang='lat' dir='ltr'><strong>Quod</strong></span> <span class='ocrx_word' id='word_1_12' title='bbox 2521 692 2577 762; x_wconf 84' lang='lat' dir='ltr'><strong>si</strong></span> 
     </span>
     <span class='ocr_line' id='line_1_3' title="bbox 323 780 2573 888; baseline 0.004 -32"><span class='ocrx_word' id='word_1_13' title='bbox 323 787 494 858; x_wconf 86' lang='lat' dir='ltr'><strong>huie</strong></span> <span class='ocrx_word' id='word_1_14' title='bbox 530 792 1000 882; x_wconf 80' lang='lat' dir='ltr'><strong>commoditati</strong></span> <span class='ocrx_word' id='word_1_15' title='bbox 1026 780 1472 883; x_wconf 85' lang='lat' dir='ltr'><strong>prospectum</strong></span> <span class='ocrx_word' id='word_1_16' title='bbox 1505 793 1590 859; x_wconf 91' lang='lat' dir='ltr'><strong>ab</strong></span> <span class='ocrx_word' id='word_1_17' title='bbox 1626 791 2018 863; x_wconf 85' lang='lat' dir='ltr'><strong>Editoribus</strong></span> <span class='ocrx_word' id='word_1_18' title='bbox 2051 804 2254 880; x_wconf 87' lang='lat' dir='ltr'><strong>esset,</strong></span> <span class='ocrx_word' id='word_1_19' title='bbox 2309 804 2377 864; x_wconf 92' lang='lat' dir='ltr'><strong>et</strong></span> <span class='ocrx_word' id='word_1_20' title='bbox 2407 820 2573 888; x_wconf 84' lang='lat' dir='ltr'><strong>gra-</strong></span> 
     </span>
     <span class='ocr_line' id='line_1_4' title="bbox 322 890 2573 987; baseline 0.004 -28"><span class='ocrx_word' id='word_1_21' title='bbox 322 893 491 961; x_wconf 81' lang='lat' dir='ltr'><strong>tiam</strong></span> <span class='ocrx_word' id='word_1_22' title='bbox 539 893 830 963; x_wconf 85' lang='lat' dir='ltr'><strong>iniissent</strong></span> <span class='ocrx_word' id='word_1_23' title='bbox 890 918 1210 987; x_wconf 79' lang='lat' dir='ltr'><strong>magnam</strong></span> <span class='ocrx_word' id='word_1_24' title='bbox 1267 894 1355 962; x_wconf 80' lang='lat' dir='ltr'><strong>ab</strong></span> <span class='ocrx_word' id='word_1_25' title='bbox 1401 894 1745 979; x_wconf 83' lang='lat' dir='ltr'><strong>omnibuS,</strong></span> <span class='ocrx_word' id='word_1_26' title='bbox 1791 890 1796 894; x_wconf 16' lang='grc' dir='ltr'><strong>Δ</strong></span> <span class='ocrx_word' id='word_1_27' title='bbox 1828 897 1947 985; x_wconf 91' lang='lat' dir='ltr'><strong>qui</strong></span> <span class='ocrx_word' id='word_1_28' title='bbox 1989 899 2174 966; x_wconf 89' lang='lat' dir='ltr'><strong>usuri</strong></span> <span class='ocrx_word' id='word_1_29' title='bbox 2237 909 2393 968; x_wconf 84' lang='lat' dir='ltr'><strong>sunt</strong></span> <span class='ocrx_word' id='word_1_30' title='bbox 2430 900 2573 969; x_wconf 84' lang='lat' dir='ltr'><strong>hoc</strong></span> 
     </span>
     <span class='ocr_line' id='line_1_5' title="bbox 321 995 2575 1090; baseline 0.004 -28"><span class='ocrx_word' id='word_1_31' title='bbox 321 995 506 1064; x_wconf 79' lang='lat' dir='ltr'><strong>libro</strong></span> <span class='ocrx_word' id='word_1_32' title='bbox 525 1049 545 1084; x_wconf 94' lang='lat'><strong>,</strong></span> <span class='ocrx_word' id='word_1_33' title='bbox 600 1008 667 1066; x_wconf 87' lang='lat' dir='ltr'><strong>et</strong></span> <span class='ocrx_word' id='word_1_34' title='bbox 690 999 1034 1084; x_wconf 81' lang='lat' dir='ltr'><strong>fecissent,</strong></span> <span class='ocrx_word' id='word_1_35' title='bbox 1088 1007 1163 1067; x_wconf 90' lang='lat' dir='ltr'><strong>ut</strong></span> <span class='ocrx_word' id='word_1_36' title='bbox 1210 997 1603 1090; x_wconf 89' lang='lat' dir='ltr'><strong>opinamur,</strong></span> <span class='ocrx_word' id='word_1_37' title='bbox 1653 997 1849 1086; x_wconf 85' lang='lat' dir='ltr'><strong>quod</strong></span> <span class='ocrx_word' id='word_1_38' title='bbox 1891 999 2037 1089; x_wconf 90' lang='lat' dir='ltr'><strong>ipse</strong></span> <span class='ocrx_word' id='word_1_39' title='bbox 2068 1002 2367 1071; x_wconf 85' lang='lat' dir='ltr'><strong>facturus</strong></span> <span class='ocrx_word' id='word_1_40' title='bbox 2402 1003 2575 1072; x_wconf 81' lang='lat' dir='ltr'><strong>fuis-</strong></span> 
     </span>
     <span class='ocr_line' id='line_1_6' title="bbox 315 1100 2575 1192; baseline 0.004 -24"><span class='ocrx_word' id='word_1_41' title='bbox 315 1107 425 1169; x_wconf 68' lang='lat' dir='ltr'><strong>set</strong></span> <span class='ocrx_word' id='word_1_42' title='bbox 448 1100 850 1192; x_wconf 54' lang='lat' dir='ltr'><strong>,Stephanus</strong></span> <span class='ocrx_word' id='word_1_43' title='bbox 867 1151 887 1187; x_wconf 93' lang='lat'><strong>,</strong></span> <span class='ocrx_word' id='word_1_44' title='bbox 942 1102 997 1169; x_wconf 92' lang='lat' dir='ltr'><strong>si</strong></span> <span class='ocrx_word' id='word_1_45' title='bbox 1031 1102 1273 1170; x_wconf 87' lang='lat' dir='ltr'><strong>iterum</strong></span> <span class='ocrx_word' id='word_1_46' title='bbox 1308 1100 1623 1169; x_wconf 82' lang='lat' dir='ltr'><strong>edidisset</strong></span> <span class='ocrx_word' id='word_1_47' title='bbox 1655 1101 1854 1170; x_wconf 89' lang='lat' dir='ltr'><strong>illum</strong></span> <span class='ocrx_word' id='word_1_48' title='bbox 1884 1102 2332 1173; x_wconf 84' lang='lat' dir='ltr'><strong>Thesaurum.</strong></span> <span class='ocrx_word' id='word_1_49' title='bbox 2399 1107 2575 1176; x_wconf 79' lang='lat' dir='ltr'><strong>Sunt</strong></span> 
     </span>
     <span class='ocr_line' id='line_1_7' title="bbox 321 1203 2572 1297; baseline 0.004 -27"><span class='ocrx_word' id='word_1_50' title='bbox 321 1211 551 1283; x_wconf 76' lang='lat' dir='ltr'><strong>autem</strong></span> <span class='ocrx_word' id='word_1_51' title='bbox 583 1205 709 1272; x_wconf 88' lang='lat' dir='ltr'><strong>tria</strong></span> <span class='ocrx_word' id='word_1_52' title='bbox 740 1205 1196 1297; x_wconf 85' lang='lat' dir='ltr'><strong>potissimum,</strong></span> <span class='ocrx_word' id='word_1_53' title='bbox 1249 1225 1424 1294; x_wconf 89' lang='lat' dir='ltr'><strong>quae</strong></span> <span class='ocrx_word' id='word_1_54' title='bbox 1467 1203 1673 1272; x_wconf 85' lang='lat' dir='ltr'><strong>valde</strong></span> <span class='ocrx_word' id='word_1_55' title='bbox 1703 1205 2142 1275; x_wconf 89' lang='lat' dir='ltr'><strong>incommoda</strong></span> <span class='ocrx_word' id='word_1_56' title='bbox 2182 1218 2335 1276; x_wconf 88' lang='lat' dir='ltr'><strong>sunt</strong></span> <span class='ocrx_word' id='word_1_57' title='bbox 2374 1219 2572 1278; x_wconf 87' lang='lat' dir='ltr'><strong>uten-</strong></span> 
     </span>
     <span class='ocr_line' id='line_1_8' title="bbox 318 1305 2573 1403; baseline 0.004 -30"><span class='ocrx_word' id='word_1_58' title='bbox 318 1305 498 1374; x_wconf 81' lang='lat' dir='ltr'><strong>tibus</strong></span> <span class='ocrx_word' id='word_1_59' title='bbox 529 1307 867 1399; x_wconf 76' lang='lat' dir='ltr'><strong>Stephani</strong></span> <span class='ocrx_word' id='word_1_60' title='bbox 897 1310 1113 1377; x_wconf 85' lang='lat' dir='ltr'><strong>libro:</strong></span> <span class='ocrx_word' id='word_1_61' title='bbox 1161 1308 1495 1397; x_wconf 88' lang='lat' dir='ltr'><strong>primum,</strong></span> <span class='ocrx_word' id='word_1_62' title='bbox 1551 1308 1740 1397; x_wconf 92' lang='lat' dir='ltr'><strong>quod</strong></span> <span class='ocrx_word' id='word_1_63' title='bbox 1789 1309 2123 1398; x_wconf 81' lang='lat' dir='ltr'><strong>quaedam</strong></span> <span class='ocrx_word' id='word_1_64' title='bbox 2143 1360 2163 1394; x_wconf 91' lang='lat'><strong>,</strong></span> <span class='ocrx_word' id='word_1_65' title='bbox 2217 1336 2391 1402; x_wconf 84' lang='lat' dir='ltr'><strong>quae</strong></span> <span class='ocrx_word' id='word_1_66' title='bbox 2441 1335 2573 1403; x_wconf 86' lang='lat' dir='ltr'><strong>per</strong></span> 
     </span>
     <span class='ocr_line' id='line_1_9' title="bbox 320 1410 2573 1496; baseline 0.003 -19"><span class='ocrx_word' id='word_1_67' title='bbox 320 1410 738 1482; x_wconf 85' lang='lat' dir='ltr'><strong>oblivionem</strong></span> <span class='ocrx_word' id='word_1_68' title='bbox 789 1414 1037 1480; x_wconf 89' lang='lat' dir='ltr'><strong>omissa</strong></span> <span class='ocrx_word' id='word_1_69' title='bbox 1105 1412 1405 1496; x_wconf 83' lang='lat' dir='ltr'><strong>fuerant,</strong></span> <span class='ocrx_word' id='word_1_70' title='bbox 1481 1411 1549 1477; x_wconf 92' lang='lat' dir='ltr'><strong>in</strong></span> <span class='ocrx_word' id='word_1_71' title='bbox 1610 1412 1799 1480; x_wconf 87' lang='lat' dir='ltr'><strong>calce</strong></span> <span class='ocrx_word' id='word_1_72' title='bbox 1840 1412 2254 1482; x_wconf 84' lang='lat' dir='ltr'><strong>voluminum</strong></span> <span class='ocrx_word' id='word_1_73' title='bbox 2306 1415 2573 1484; x_wconf 86' lang='lat' dir='ltr'><strong>adiecta</strong></span> 
     </span>
     <span class='ocr_line' id='line_1_10' title="bbox 318 1513 2568 1605; baseline 0.003 -26"><span class='ocrx_word' id='word_1_74' title='bbox 318 1523 501 1594; x_wconf 86' lang='lat' dir='ltr'><strong>sunt3</strong></span> <span class='ocrx_word' id='word_1_75' title='bbox 583 1525 651 1583; x_wconf 88' lang='lat' dir='ltr'><strong>et</strong></span> <span class='ocrx_word' id='word_1_76' title='bbox 695 1514 872 1585; x_wconf 90' lang='lat' dir='ltr'><strong>haec</strong></span> <span class='ocrx_word' id='word_1_77' title='bbox 916 1515 1193 1603; x_wconf 88' lang='lat' dir='ltr'><strong>quidem</strong></span> <span class='ocrx_word' id='word_1_78' title='bbox 1241 1536 1379 1604; x_wconf 93' lang='lat' dir='ltr'><strong>non</strong></span> <span class='ocrx_word' id='word_1_79' title='bbox 1439 1513 1822 1582; x_wconf 85' lang='lat' dir='ltr'><strong>dubitamus</strong></span> <span class='ocrx_word' id='word_1_80' title='bbox 1875 1516 2036 1604; x_wconf 92' lang='lat' dir='ltr'><strong>quin</strong></span> <span class='ocrx_word' id='word_1_81' title='bbox 2072 1517 2388 1586; x_wconf 87' lang='lat' dir='ltr'><strong>Editores</strong></span> <span class='ocrx_word' id='word_1_82' title='bbox 2450 1519 2568 1605; x_wconf 90' lang='lat' dir='ltr'><strong>ibi,</strong></span> 
     </span>
     <span class='ocr_line' id='line_1_11' title="bbox 316 1616 2569 1738; baseline 0.003 -55"><span class='ocrx_word' id='word_1_83' title='bbox 316 1616 441 1684; x_wconf 88' lang='lat' dir='ltr'><strong>ubi</strong></span> <span class='ocrx_word' id='word_1_84' title='bbox 487 1618 813 1694; x_wconf 84' lang='lat' dir='ltr'><strong>collocari</strong></span> <span class='ocrx_word' id='word_1_85' title='bbox 858 1617 1235 1738; x_wconf 75' lang='lat' dir='ltr'><strong>debebant,</strong></span> <span class='ocrx_word' id='word_1_86' title='bbox 1289 1617 1642 1706; x_wconf 85' lang='lat' dir='ltr'><strong>reposituri</strong></span> <span class='ocrx_word' id='word_1_87' title='bbox 1689 1619 1849 1699; x_wconf 83' lang='lat' dir='ltr'><strong>sint3</strong></span> <span class='ocrx_word' id='word_1_88' title='bbox 1913 1621 2324 1706; x_wconf 91' lang='lat' dir='ltr'><strong>secundum,</strong></span> <span class='ocrx_word' id='word_1_89' title='bbox 2377 1620 2569 1710; x_wconf 88' lang='lat' dir='ltr'><strong>quod</strong></span> 
     </span>
     <span class='ocr_line' id='line_1_12' title="bbox 315 1719 2570 1811; baseline 0.001 -23"><span class='ocrx_word' id='word_1_90' title='bbox 315 1719 566 1805; x_wconf 87' lang='lat' dir='ltr'><strong>multa,</strong></span> <span class='ocrx_word' id='word_1_91' title='bbox 651 1743 827 1811; x_wconf 89' lang='lat' dir='ltr'><strong>quae</strong></span> <span class='ocrx_word' id='word_1_92' title='bbox 872 1721 1019 1811; x_wconf 85' lang='lat' dir='ltr'><strong>quis</strong></span> <span class='ocrx_word' id='word_1_93' title='bbox 1069 1721 1141 1788; x_wconf 89' lang='lat' dir='ltr'><strong>in</strong></span> <span class='ocrx_word' id='word_1_94' title='bbox 1187 1720 1340 1809; x_wconf 89' lang='lat' dir='ltr'><strong>ipso</strong></span> <span class='ocrx_word' id='word_1_95' title='bbox 1385 1719 1745 1796; x_wconf 83' lang='lat' dir='ltr'><strong>Thesauro</strong></span> <span class='ocrx_word' id='word_1_96' title='bbox 1805 1725 2190 1809; x_wconf 89' lang='lat' dir='ltr'><strong>quaerenda</strong></span> <span class='ocrx_word' id='word_1_97' title='bbox 2238 1721 2570 1810; x_wconf 87' lang='lat' dir='ltr'><strong>coniiciat,</strong></span> 
     </span>
     <span class='ocr_line' id='line_1_13' title="bbox 316 1822 2569 1917; baseline 0.003 -28"><span class='ocrx_word' id='word_1_98' title='bbox 316 1823 579 1909; x_wconf 84' lang='lat' dir='ltr'><strong>Indici,</strong></span> <span class='ocrx_word' id='word_1_99' title='bbox 662 1846 744 1893; x_wconf 92' lang='lat' dir='ltr'><strong>ac</strong></span> <span class='ocrx_word' id='word_1_100' title='bbox 781 1848 988 1917; x_wconf 86' lang='lat' dir='ltr'><strong>saepe</strong></span> <span class='ocrx_word' id='word_1_101' title='bbox 1033 1826 1125 1893; x_wconf 95' lang='lat' dir='ltr'><strong>ob</strong></span> <span class='ocrx_word' id='word_1_102' title='bbox 1184 1822 1496 1892; x_wconf 87' lang='lat' dir='ltr'><strong>eamdem</strong></span> <span class='ocrx_word' id='word_1_103' title='bbox 1542 1824 1734 1891; x_wconf 86' lang='lat' dir='ltr'><strong>illam</strong></span> <span class='ocrx_word' id='word_1_104' title='bbox 1777 1826 2140 1910; x_wconf 90' lang='lat' dir='ltr'><strong>rationem,</strong></span> <span class='ocrx_word' id='word_1_105' title='bbox 2211 1827 2399 1916; x_wconf 91' lang='lat' dir='ltr'><strong>quod</strong></span> <span class='ocrx_word' id='word_1_106' title='bbox 2442 1851 2569 1896; x_wconf 90' lang='lat' dir='ltr'><strong>ne-</strong></span> 
     </span>
    </p>
   </div>
   <div class='ocr_carea' id='block_1_3' title="bbox 206 1926 2568 2020">
    <p class='ocr_par' dir='ltr' id='par_1_3' title="bbox 206 1926 2568 2020">
     <span class='ocr_line' id='line_1_14' title="bbox 206 1926 2568 2020; baseline 0.003 -27"><span class='ocrx_word' id='word_1_107' title='bbox 206 1987 213 1993; x_wconf 91' lang='lat'>.</span> <span class='ocrx_word' id='word_1_108' title='bbox 316 1926 551 2017; x_wconf 85' lang='lat' dir='ltr'><strong>glecta</strong></span> <span class='ocrx_word' id='word_1_109' title='bbox 598 1928 899 2019; x_wconf 83' lang='lat' dir='ltr'><strong>fuerant,</strong></span> <span class='ocrx_word' id='word_1_110' title='bbox 949 1928 1198 1995; x_wconf 86' lang='lat' dir='ltr'><strong>inserta</strong></span> <span class='ocrx_word' id='word_1_111' title='bbox 1242 1936 1409 1994; x_wconf 89' lang='lat' dir='ltr'><strong>sunt.</strong></span> <span class='ocrx_word' id='word_1_112' title='bbox 1515 1926 1633 1996; x_wconf 94' lang='lat' dir='ltr'><strong>Sic</strong></span> <span class='ocrx_word' id='word_1_113' title='bbox 1682 1929 1904 1998; x_wconf 87' lang='lat' dir='ltr'><strong>statim</strong></span> <span class='ocrx_word' id='word_1_114' title='bbox 1951 1931 2039 1998; x_wconf 92' lang='lat' dir='ltr'><strong>ab</strong></span> <span class='ocrx_word' id='word_1_115' title='bbox 2082 1931 2303 2015; x_wconf 86' lang='lat' dir='ltr'><strong>initio,</strong></span> <span class='ocrx_word' id='word_1_116' title='bbox 2355 1953 2568 2020; x_wconf 89' lang='lat' dir='ltr'><strong>quum</strong></span> 
     </span>
    </p>
   </div>
   <div class='ocr_carea' id='block_1_4' title="bbox 314 2025 2587 2129">
    <p class='ocr_par' dir='ltr' id='par_1_4' title="bbox 314 2025 2587 2129">
     <span class='ocr_line' id='line_1_15' title="bbox 314 2025 2587 2129; baseline 0.002 -33"><span class='ocrx_word' id='word_1_117' title='bbox 314 2030 601 2097; x_wconf 85' lang='lat' dir='ltr'><strong>verbum</strong></span> <span class='ocrx_word' id='word_1_118' title='bbox 636 2025 825 2117; x_wconf 77' lang='grc' dir='ltr'><strong>ἇοῖζω</strong></span> <span class='ocrx_word' id='word_1_119' title='bbox 874 2032 946 2098; x_wconf 93' lang='lat' dir='ltr'><strong>in</strong></span> <span class='ocrx_word' id='word_1_120' title='bbox 990 2031 1352 2098; x_wconf 88' lang='lat' dir='ltr'><strong>Thesauro</strong></span> <span class='ocrx_word' id='word_1_121' title='bbox 1401 2030 1701 2120; x_wconf 88' lang='lat' dir='ltr'><strong>positum</strong></span> <span class='ocrx_word' id='word_1_122' title='bbox 1748 2031 1867 2116; x_wconf 86' lang='lat' dir='ltr'><strong>sit,</strong></span> <span class='ocrx_word' id='word_1_123' title='bbox 1936 2035 2084 2121; x_wconf 87' lang='lat' dir='ltr'><strong>quis</strong></span> <span class='ocrx_word' id='word_1_124' title='bbox 2131 2056 2269 2102; x_wconf 92' lang='lat' dir='ltr'><strong>non</strong></span> <span class='ocrx_word' id='word_1_125' title='bbox 2310 2033 2587 2129; x_wconf 72' lang='lat' dir='ltr'><strong>ibidem⁷</strong></span> 
     </span>
    </p>
   </div>
   <div class='ocr_carea' id='block_1_5' title="bbox 220 2128 2567 2206">
    <p class='ocr_par' dir='ltr' id='par_1_5' title="bbox 220 2128 2567 2206">
     <span class='ocr_line' id='line_1_16' title="bbox 220 2128 2567 2206; baseline 0.002 -5"><span class='ocrx_word' id='word_1_126' title='bbox 220 2169 224 2174; x_wconf 92' lang='lat'><strong>·</strong></span> <span class='ocrx_word' id='word_1_127' title='bbox 315 2132 520 2201; x_wconf 89' lang='lat' dir='ltr'><strong>etiam</strong></span> <span class='ocrx_word' id='word_1_128' title='bbox 572 2128 812 2206; x_wconf 74' lang='grc' dir='ltr'><strong><em>α’ᾰσκω</em></strong></span> <span class='ocrx_word' id='word_1_129' title='bbox 872 2134 1549 2204; x_wconf 87' lang='lat' dir='ltr'><strong>commemorandum</strong></span> <span class='ocrx_word' id='word_1_130' title='bbox 1596 2134 1799 2202; x_wconf 86' lang='lat' dir='ltr'><strong>fuisse</strong></span> <span class='ocrx_word' id='word_1_131' title='bbox 1854 2135 2171 2204; x_wconf 84' lang='lat' dir='ltr'><strong>censeat?</strong></span> <span class='ocrx_word' id='word_1_132' title='bbox 2285 2137 2382 2204; x_wconf 85' lang='lat' dir='ltr'><strong>At</strong></span> <span class='ocrx_word' id='word_1_133' title='bbox 2425 2136 2567 2206; x_wconf 90' lang='lat' dir='ltr'><strong>hoc</strong></span> 
     </span>
    </p>
   </div>
   <div class='ocr_carea' id='block_1_6' title="bbox 304 2235 2671 4428">
    <p class='ocr_par' dir='ltr' id='par_1_6' title="bbox 304 2235 2671 4398">
     <span class='ocr_line' id='line_1_17' title="bbox 314 2235 2568 2327; baseline 0.001 -23"><span class='ocrx_word' id='word_1_134' title='bbox 314 2237 388 2304; x_wconf 94' lang='lat' dir='ltr'><strong>in</strong></span> <span class='ocrx_word' id='word_1_135' title='bbox 435 2235 744 2306; x_wconf 85' lang='lat' dir='ltr'><strong>Iudicem</strong></span> <span class='ocrx_word' id='word_1_136' title='bbox 806 2238 1190 2306; x_wconf 89' lang='lat' dir='ltr'><strong>coniectum</strong></span> <span class='ocrx_word' id='word_1_137' title='bbox 1249 2244 1383 2321; x_wconf 84' lang='lat' dir='ltr'><strong>est,</strong></span> <span class='ocrx_word' id='word_1_138' title='bbox 1465 2259 1593 2306; x_wconf 91' lang='lat' dir='ltr'><strong>nec</strong></span> <span class='ocrx_word' id='word_1_139' title='bbox 1642 2236 1904 2327; x_wconf 82' lang='lat' dir='ltr'><strong>placuit</strong></span> <span class='ocrx_word' id='word_1_140' title='bbox 1960 2239 2355 2306; x_wconf 87' lang='lat' dir='ltr'><strong>Editoribus</strong></span> <span class='ocrx_word' id='word_1_141' title='bbox 2408 2241 2568 2308; x_wconf 81' lang='lat' dir='ltr'><strong>novi</strong></span> 
     </span>
     <span class='ocr_line' id='line_1_18' title="bbox 314 2338 2563 2431; baseline 0.001 -24"><span class='ocrx_word' id='word_1_142' title='bbox 314 2338 655 2408; x_wconf 81' lang='lat' dir='ltr'><strong>Thesauri</strong></span> <span class='ocrx_word' id='word_1_143' title='bbox 700 2362 851 2408; x_wconf 86' lang='lat' dir='ltr'><strong>eam</strong></span> <span class='ocrx_word' id='word_1_144' title='bbox 896 2341 1224 2408; x_wconf 84' lang='lat' dir='ltr'><strong>rationem</strong></span> <span class='ocrx_word' id='word_1_145' title='bbox 1268 2339 1579 2413; x_wconf 88' lang='lat' dir='ltr'><strong>deserere</strong></span> <span class='ocrx_word' id='word_1_146' title='bbox 1597 2388 1617 2424; x_wconf 92' lang='lat'><strong>,</strong></span> <span class='ocrx_word' id='word_1_147' title='bbox 1685 2341 1847 2409; x_wconf 90' lang='lat' dir='ltr'><strong>licet</strong></span> <span class='ocrx_word' id='word_1_148' title='bbox 1888 2341 2094 2409; x_wconf 90' lang='lat' dir='ltr'><strong>iidem</strong></span> <span class='ocrx_word' id='word_1_149' title='bbox 2127 2342 2388 2431; x_wconf 87' lang='lat' dir='ltr'><strong>aliquot</strong></span> <span class='ocrx_word' id='word_1_150' title='bbox 2428 2343 2563 2411; x_wconf 91' lang='lat' dir='ltr'><strong>alia</strong></span> 
     </span>
     <span class='ocr_line' id='line_1_19' title="bbox 313 2441 2565 2536; baseline 0.002 -25"><span class='ocrx_word' id='word_1_151' title='bbox 313 2443 526 2511; x_wconf 82' lang='lat' dir='ltr'><strong>verba</strong></span> <span class='ocrx_word' id='word_1_152' title='bbox 575 2466 656 2511; x_wconf 86' lang='lat' dir='ltr'><strong>ex</strong></span> <span class='ocrx_word' id='word_1_153' title='bbox 698 2442 934 2514; x_wconf 84' lang='lat' dir='ltr'><strong>Indice</strong></span> <span class='ocrx_word' id='word_1_154' title='bbox 991 2444 1059 2511; x_wconf 91' lang='lat' dir='ltr'><strong>in</strong></span> <span class='ocrx_word' id='word_1_155' title='bbox 1102 2443 1326 2533; x_wconf 92' lang='lat' dir='ltr'><strong>ipsum</strong></span> <span class='ocrx_word' id='word_1_156' title='bbox 1382 2441 1812 2510; x_wconf 75' lang='lat' dir='ltr'><strong>Thesaurum</strong></span> <span class='ocrx_word' id='word_1_157' title='bbox 1858 2446 2252 2536; x_wconf 85' lang='lat' dir='ltr'><strong>receperint.</strong></span> <span class='ocrx_word' id='word_1_158' title='bbox 2356 2444 2565 2515; x_wconf 81' lang='lat' dir='ltr'><strong>Cuius</strong></span> 
     </span>
     <span class='ocr_line' id='line_1_20' title="bbox 312 2544 2562 2637; baseline 0.001 -22"><span class='ocrx_word' id='word_1_159' title='bbox 312 2545 578 2615; x_wconf 87' lang='lat' dir='ltr'><strong>consilii</strong></span> <span class='ocrx_word' id='word_1_160' title='bbox 629 2569 840 2637; x_wconf 88' lang='lat' dir='ltr'><strong>quum</strong></span> <span class='ocrx_word' id='word_1_161' title='bbox 902 2569 1070 2635; x_wconf 85' lang='lat' dir='ltr'><strong>quas</strong></span> <span class='ocrx_word' id='word_1_162' title='bbox 1137 2568 1401 2617; x_wconf 84' lang='lat' dir='ltr'><strong>caussas</strong></span> <span class='ocrx_word' id='word_1_163' title='bbox 1447 2544 1811 2613; x_wconf 86' lang='lat' dir='ltr'><strong>habuerint</strong></span> <span class='ocrx_word' id='word_1_164' title='bbox 1864 2569 2000 2615; x_wconf 91' lang='lat' dir='ltr'><strong>non</strong></span> <span class='ocrx_word' id='word_1_165' title='bbox 2047 2548 2414 2617; x_wconf 90' lang='lat' dir='ltr'><strong>indicatum</strong></span> <span class='ocrx_word' id='word_1_166' title='bbox 2457 2552 2562 2635; x_wconf 89' lang='lat' dir='ltr'><strong>sit,</strong></span> 
     </span>
     <span class='ocr_line' id='line_1_21' title="bbox 310 2649 2562 2739; baseline 0.002 -23"><span class='ocrx_word' id='word_1_167' title='bbox 310 2671 451 2717; x_wconf 89' lang='lat' dir='ltr'><strong>non</strong></span> <span class='ocrx_word' id='word_1_168' title='bbox 498 2658 726 2739; x_wconf 86' lang='lat' dir='ltr'><strong>potest</strong></span> <span class='ocrx_word' id='word_1_169' title='bbox 774 2674 856 2718; x_wconf 92' lang='lat' dir='ltr'><strong>ea</strong></span> <span class='ocrx_word' id='word_1_170' title='bbox 895 2672 1033 2719; x_wconf 93' lang='lat' dir='ltr'><strong>non</strong></span> <span class='ocrx_word' id='word_1_171' title='bbox 1078 2649 1519 2717; x_wconf 84' lang='lat' dir='ltr'><strong>inconstantia</strong></span> <span class='ocrx_word' id='word_1_172' title='bbox 1563 2649 1902 2738; x_wconf 87' lang='lat' dir='ltr'><strong>quaedam</strong></span> <span class='ocrx_word' id='word_1_173' title='bbox 1938 2651 2170 2719; x_wconf 82' lang='lat' dir='ltr'><strong>videri.</strong></span> <span class='ocrx_word' id='word_1_174' title='bbox 2274 2653 2383 2721; x_wconf 89' lang='lat' dir='ltr'><strong>Ac</strong></span> <span class='ocrx_word' id='word_1_175' title='bbox 2440 2675 2562 2720; x_wconf 89' lang='lat' dir='ltr'><strong>nos</strong></span> 
     </span>
     <span class='ocr_line' id='line_1_22' title="bbox 312 2752 2560 2845; baseline 0.002 -26"><span class='ocrx_word' id='word_1_176' title='bbox 312 2752 627 2840; x_wconf 89' lang='lat' dir='ltr'><strong>quidem,</strong></span> <span class='ocrx_word' id='word_1_177' title='bbox 678 2754 781 2827; x_wconf 85' lang='lat'><strong>10.</strong></span> <span class='ocrx_word' id='word_1_178' title='bbox 816 2753 1156 2845; x_wconf 85' lang='lat' dir='ltr'><strong>Scapulae</strong></span> <span class='ocrx_word' id='word_1_179' title='bbox 1209 2753 1564 2843; x_wconf 84' lang='lat' dir='ltr'><strong>exemplo,</strong></span> <span class='ocrx_word' id='word_1_180' title='bbox 1614 2763 1831 2821; x_wconf 89' lang='lat' dir='ltr'><strong>totum</strong></span> <span class='ocrx_word' id='word_1_181' title='bbox 1862 2755 2168 2823; x_wconf 80' lang='lat' dir='ltr'><strong>Iudicem</strong></span> <span class='ocrx_word' id='word_1_182' title='bbox 2201 2754 2560 2823; x_wconf 84' lang='lat' dir='ltr'><strong>Thesauro</strong></span> 
     </span>
     <span class='ocr_line' id='line_1_23' title="bbox 311 2855 2564 2947; baseline 0.001 -25"><span class='ocrx_word' id='word_1_183' title='bbox 311 2856 444 2946; x_wconf 89' lang='lat' dir='ltr'><strong>ipsi</strong></span> <span class='ocrx_word' id='word_1_184' title='bbox 476 2858 771 2925; x_wconf 86' lang='lat' dir='ltr'><strong>inserere</strong></span> <span class='ocrx_word' id='word_1_185' title='bbox 961 2859 1271 2925; x_wconf 82' lang='lat' dir='ltr'><strong>issemus:</strong></span> <span class='ocrx_word' id='word_1_186' title='bbox 1333 2878 1471 2944; x_wconf 90' lang='lat' dir='ltr'><strong>quo</strong></span> <span class='ocrx_word' id='word_1_187' title='bbox 1512 2855 1697 2925; x_wconf 77' lang='lat' dir='ltr'><strong>facto</strong></span> <span class='ocrx_word' id='word_1_188' title='bbox 1739 2858 1982 2926; x_wconf 88' lang='lat' dir='ltr'><strong>mirum</strong></span> <span class='ocrx_word' id='word_1_189' title='bbox 2013 2867 2333 2947; x_wconf 85' lang='lat' dir='ltr'><strong>quantum</strong></span> <span class='ocrx_word' id='word_1_190' title='bbox 2368 2880 2564 2928; x_wconf 90' lang='lat' dir='ltr'><strong>com-</strong></span> 
     </span>
     <span class='ocr_line' id='line_1_24' title="bbox 310 2951 2562 3054; baseline 0.001 -26"><span class='ocrx_word' id='word_1_191' title='bbox 310 2959 621 3028; x_wconf 87' lang='lat' dir='ltr'><strong>moditati</strong></span> <span class='ocrx_word' id='word_1_192' title='bbox 662 2970 822 3027; x_wconf 89' lang='lat' dir='ltr'><strong>uten</strong></span> <span class='ocrx_word' id='word_1_193' title='bbox 921 2951 992 3029; x_wconf 89' lang='lat' dir='ltr'><strong>m</strong></span> <span class='ocrx_word' id='word_1_194' title='bbox 1035 2960 1418 3030; x_wconf 86' lang='lat' dir='ltr'><strong>consultum</strong></span> <span class='ocrx_word' id='word_1_195' title='bbox 1459 2959 1710 3027; x_wconf 82' lang='lat' dir='ltr'><strong>fuisset.</strong></span> <span class='ocrx_word' id='word_1_196' title='bbox 1813 2962 1990 3029; x_wconf 90' lang='lat' dir='ltr'><strong>Nam</strong></span> <span class='ocrx_word' id='word_1_197' title='bbox 2029 2985 2116 3029; x_wconf 91' lang='lat' dir='ltr'><strong>ne</strong></span> <span class='ocrx_word' id='word_1_198' title='bbox 2166 2963 2562 3054; x_wconf 83' lang='lat' dir='ltr'><strong>peregrinas</strong></span> 
     </span>
     <span class='ocr_line' id='line_1_25' title="bbox 308 3063 2563 3155; baseline 0.002 -25"><span class='ocrx_word' id='word_1_199' title='bbox 308 3063 591 3151; x_wconf 85' lang='lat' dir='ltr'><strong>quidem</strong></span> <span class='ocrx_word' id='word_1_200' title='bbox 634 3085 837 3132; x_wconf 82' lang='lat' dir='ltr'><strong>voces</strong></span> <span class='ocrx_word' id='word_1_201' title='bbox 900 3063 1347 3155; x_wconf 82' lang='lat' dir='ltr'><strong>seiungendas</strong></span> <span class='ocrx_word' id='word_1_202' title='bbox 1398 3063 1599 3131; x_wconf 86' lang='lat' dir='ltr'><strong>fuisse</strong></span> <span class='ocrx_word' id='word_1_203' title='bbox 1655 3063 2100 3133; x_wconf 84' lang='lat' dir='ltr'><strong>existimamus</strong></span> <span class='ocrx_word' id='word_1_204' title='bbox 2118 3114 2138 3149; x_wconf 94' lang='lat'><strong>,</strong></span> <span class='ocrx_word' id='word_1_205' title='bbox 2230 3064 2563 3153; x_wconf 89' lang='lat' dir='ltr'><strong>siquidem</strong></span> 
     </span>
     <span class='ocr_line' id='line_1_26' title="bbox 306 3166 2562 3260; baseline 0.001 -26"><span class='ocrx_word' id='word_1_206' title='bbox 306 3167 497 3235; x_wconf 88' lang='lat' dir='ltr'><strong>nulla</strong></span> <span class='ocrx_word' id='word_1_207' title='bbox 542 3175 642 3234; x_wconf 87' lang='lat' dir='ltr'><strong>est</strong></span> <span class='ocrx_word' id='word_1_208' title='bbox 681 3167 949 3259; x_wconf 82' lang='lat' dir='ltr'><strong>lingua,</strong></span> <span class='ocrx_word' id='word_1_209' title='bbox 1017 3168 1179 3256; x_wconf 92' lang='lat' dir='ltr'><strong>quin</strong></span> <span class='ocrx_word' id='word_1_210' title='bbox 1226 3166 1482 3255; x_wconf 91' lang='lat' dir='ltr'><strong>aliquas</strong></span> <span class='ocrx_word' id='word_1_211' title='bbox 1530 3166 1802 3235; x_wconf 91' lang='lat' dir='ltr'><strong>aliunde</strong></span> <span class='ocrx_word' id='word_1_212' title='bbox 1847 3178 2145 3260; x_wconf 84' lang='lat' dir='ltr'><strong>sumptas</strong></span> <span class='ocrx_word' id='word_1_213' title='bbox 2197 3190 2399 3237; x_wconf 87' lang='lat' dir='ltr'><strong>voces</strong></span> <span class='ocrx_word' id='word_1_214' title='bbox 2454 3170 2562 3237; x_wconf 87' lang='lat' dir='ltr'><strong>in·-</strong></span> 
     </span>
     <span class='ocr_line' id='line_1_27' title="bbox 306 3269 2612 3367; baseline 0.001 -29"><span class='ocrx_word' id='word_1_215' title='bbox 306 3269 579 3338; x_wconf 87' lang='lat' dir='ltr'><strong>terdum</strong></span> <span class='ocrx_word' id='word_1_216' title='bbox 608 3281 917 3361; x_wconf 82' lang='lat' dir='ltr'><strong>usurpet:</strong></span> <span class='ocrx_word' id='word_1_217' title='bbox 969 3271 1187 3339; x_wconf 90' lang='lat' dir='ltr'><strong>multo</strong></span> <span class='ocrx_word' id='word_1_218' title='bbox 1218 3271 1433 3337; x_wconf 92' lang='lat' dir='ltr'><strong>minus</strong></span> <span class='ocrx_word' id='word_1_219' title='bbox 1468 3292 1551 3338; x_wconf 87' lang='lat' dir='ltr'><strong>ea</strong></span> <span class='ocrx_word' id='word_1_220' title='bbox 1597 3272 1929 3367; x_wconf 85' lang='lat' dir='ltr'><strong>vocabula</strong></span> <span class='ocrx_word' id='word_1_221' title='bbox 1949 3324 1969 3359; x_wconf 87' lang='lat'><strong>,</strong></span> <span class='ocrx_word' id='word_1_222' title='bbox 2022 3295 2199 3366; x_wconf 82' lang='lat' dir='ltr'><strong>quae</strong></span> <span class='ocrx_word' id='word_1_223' title='bbox 2234 3286 2612 3361; x_wconf 69' lang='lat' dir='ltr'><strong>quarum-7</strong></span> 
     </span>
     <span class='ocr_line' id='line_1_28' title="bbox 308 3373 2553 3466; baseline 0.001 -25"><span class='ocrx_word' id='word_1_224' title='bbox 308 3373 473 3441; x_wconf 89' lang='lat' dir='ltr'><strong>dam</strong></span> <span class='ocrx_word' id='word_1_225' title='bbox 519 3374 963 3444; x_wconf 84' lang='lat' dir='ltr'><strong>dialectorum</strong></span> <span class='ocrx_word' id='word_1_226' title='bbox 1007 3374 1290 3466; x_wconf 89' lang='lat' dir='ltr'><strong>propria</strong></span> <span class='ocrx_word' id='word_1_227' title='bbox 1330 3382 1518 3459; x_wconf 85' lang='lat' dir='ltr'><strong>sunt,</strong></span> <span class='ocrx_word' id='word_1_228' title='bbox 1590 3376 1678 3442; x_wconf 85' lang='lat' dir='ltr'><strong>ab</strong></span> <span class='ocrx_word' id='word_1_229' title='bbox 1713 3375 1862 3466; x_wconf 91' lang='lat' dir='ltr'><strong>ipso</strong></span> <span class='ocrx_word' id='word_1_230' title='bbox 1912 3375 2271 3445; x_wconf 89' lang='lat' dir='ltr'><strong>Thesauro</strong></span> <span class='ocrx_word' id='word_1_231' title='bbox 2308 3376 2553 3445; x_wconf 89' lang='lat' dir='ltr'><strong>disiun-</strong></span> 
     </span>
     <span class='ocr_line' id='line_1_29' title="bbox 310 3477 2671 3569; baseline 0 -23"><span class='ocrx_word' id='word_1_232' title='bbox 310 3487 422 3546; x_wconf 84' lang='lat' dir='ltr'><strong>cta</strong></span> <span class='ocrx_word' id='word_1_233' title='bbox 446 3477 807 3562; x_wconf 77' lang='lat' dir='ltr'><strong>vellemuS,</strong></span> <span class='ocrx_word' id='word_1_234' title='bbox 861 3488 936 3545; x_wconf 89' lang='lat' dir='ltr'><strong>ut</strong></span> <span class='ocrx_word' id='word_1_235' title='bbox 972 3501 1145 3567; x_wconf 87' lang='lat' dir='ltr'><strong>quae</strong></span> <span class='ocrx_word' id='word_1_236' title='bbox 1195 3487 1265 3546; x_wconf 86' lang='lat' dir='ltr'><strong>et</strong></span> <span class='ocrx_word' id='word_1_237' title='bbox 1296 3477 1567 3547; x_wconf 85' lang='lat' dir='ltr'><strong>Graeca</strong></span> <span class='ocrx_word' id='word_1_238' title='bbox 1614 3479 1776 3563; x_wconf 90' lang='lat' dir='ltr'><strong>sint,</strong></span> <span class='ocrx_word' id='word_1_239' title='bbox 1829 3488 1896 3547; x_wconf 88' lang='lat' dir='ltr'><strong>et</strong></span> <span class='ocrx_word' id='word_1_240' title='bbox 1929 3502 2134 3569; x_wconf 89' lang='lat' dir='ltr'><strong>saepe</strong></span> <span class='ocrx_word' id='word_1_241' title='bbox 2181 3479 2562 3567; x_wconf 86' lang='lat' dir='ltr'><strong>antiquissi-</strong></span> <span class='ocrx_word' id='word_1_242' title='bbox 2649 3536 2671 3568; x_wconf 61' lang='lat'><strong>-„</strong></span> 
     </span>
     <span class='ocr_line' id='line_1_30' title="bbox 306 3581 2561 3672; baseline 0.001 -25"><span class='ocrx_word' id='word_1_243' title='bbox 306 3602 440 3648; x_wconf 86' lang='lat' dir='ltr'><strong>ma.</strong></span> <span class='ocrx_word' id='word_1_244' title='bbox 547 3581 744 3650; x_wconf 89' lang='lat' dir='ltr'><strong>Haec</strong></span> <span class='ocrx_word' id='word_1_245' title='bbox 798 3581 928 3648; x_wconf 92' lang='lat' dir='ltr'><strong>suis</strong></span> <span class='ocrx_word' id='word_1_246' title='bbox 980 3604 1293 3670; x_wconf 87' lang='lat' dir='ltr'><strong>quaeque</strong></span> <span class='ocrx_word' id='word_1_247' title='bbox 1336 3582 1507 3649; x_wconf 87' lang='lat' dir='ltr'><strong>locis</strong></span> <span class='ocrx_word' id='word_1_248' title='bbox 1551 3582 1885 3672; x_wconf 90' lang='lat' dir='ltr'><strong>reposita,</strong></span> <span class='ocrx_word' id='word_1_249' title='bbox 1954 3581 2199 3650; x_wconf 87' lang='lat' dir='ltr'><strong>deinde</strong></span> <span class='ocrx_word' id='word_1_250' title='bbox 2236 3590 2561 3671; x_wconf 82' lang='lat' dir='ltr'><strong>,poterant</strong></span> 
     </span>
     <span class='ocr_line' id='line_1_31' title="bbox 305 3684 2562 3776; baseline 0.001 -25"><span class='ocrx_word' id='word_1_251' title='bbox 305 3684 534 3752; x_wconf 90' lang='lat' dir='ltr'><strong>indice</strong></span> <span class='ocrx_word' id='word_1_252' title='bbox 578 3684 881 3774; x_wconf 90' lang='lat' dir='ltr'><strong>quodam</strong></span> <span class='ocrx_word' id='word_1_253' title='bbox 928 3684 1296 3753; x_wconf 90' lang='lat' dir='ltr'><strong>secundum</strong></span> <span class='ocrx_word' id='word_1_254' title='bbox 1340 3692 1575 3776; x_wconf 84' lang='lat' dir='ltr'><strong>gentes</strong></span> <span class='ocrx_word' id='word_1_255' title='bbox 1631 3685 1968 3772; x_wconf 90' lang='lat' dir='ltr'><strong>urbesque</strong></span> <span class='ocrx_word' id='word_1_256' title='bbox 2011 3684 2339 3776; x_wconf 86' lang='lat' dir='ltr'><strong>disposito</strong></span> <span class='ocrx_word' id='word_1_257' title='bbox 2389 3707 2562 3753; x_wconf 87' lang='lat' dir='ltr'><strong>enu-</strong></span> 
     </span>
     <span class='ocr_line' id='line_1_32' title="bbox 304 3787 2560 3880; baseline 0.001 -25"><span class='ocrx_word' id='word_1_258' title='bbox 304 3787 595 3878; x_wconf 88' lang='lat' dir='ltr'><strong>merari,</strong></span> <span class='ocrx_word' id='word_1_259' title='bbox 648 3809 789 3878; x_wconf 89' lang='lat' dir='ltr'><strong>quo</strong></span> <span class='ocrx_word' id='word_1_260' title='bbox 840 3787 1102 3855; x_wconf 83' lang='lat' dir='ltr'><strong>facilius</strong></span> <span class='ocrx_word' id='word_1_261' title='bbox 1135 3809 1344 3855; x_wconf 89' lang='lat' dir='ltr'><strong>unum</strong></span> <span class='ocrx_word' id='word_1_262' title='bbox 1390 3788 1459 3854; x_wconf 93' lang='lat' dir='ltr'><strong>in</strong></span> <span class='ocrx_word' id='word_1_263' title='bbox 1499 3788 1730 3854; x_wconf 87' lang='lat' dir='ltr'><strong>locum</strong></span> <span class='ocrx_word' id='word_1_264' title='bbox 1769 3796 2123 3879; x_wconf 86' lang='lat' dir='ltr'><strong>congesta,</strong></span> <span class='ocrx_word' id='word_1_265' title='bbox 2168 3809 2305 3855; x_wconf 92' lang='lat' dir='ltr'><strong>uno</strong></span> <span class='ocrx_word' id='word_1_266' title='bbox 2355 3788 2560 3880; x_wconf 67' lang='lat' dir='ltr'><strong>etiam</strong></span> 
     </span>
     <span class='ocr_line' id='line_1_33' title="bbox 308 3887 2559 3983; baseline 0.001 -26"><span class='ocrx_word' id='word_1_267' title='bbox 308 3892 548 3959; x_wconf 88' lang='lat' dir='ltr'><strong>obtutu</strong></span> <span class='ocrx_word' id='word_1_268' title='bbox 592 3888 1351 3983; x_wconf 85' lang='lat' dir='ltr'><strong>comprehenderentur.</strong></span> <span class='ocrx_word' id='word_1_269' title='bbox 1455 3890 1767 3958; x_wconf 90' lang='lat' dir='ltr'><strong>Tertium</strong></span> <span class='ocrx_word' id='word_1_270' title='bbox 1808 3887 2100 3978; x_wconf 89' lang='lat' dir='ltr'><strong>denique</strong></span> <span class='ocrx_word' id='word_1_271' title='bbox 2119 3938 2140 3974; x_wconf 93' lang='lat'><strong>,</strong></span> <span class='ocrx_word' id='word_1_272' title='bbox 2212 3890 2407 3979; x_wconf 86' lang='lat' dir='ltr'><strong>quod</strong></span> <span class='ocrx_word' id='word_1_273' title='bbox 2448 3893 2559 3959; x_wconf 89' lang='lat' dir='ltr'><strong>in-</strong></span> 
     </span>
     <span class='ocr_line' id='line_1_34' title="bbox 305 3992 2657 4085; baseline 0.002 -25"><span class='ocrx_word' id='word_1_274' title='bbox 305 3995 752 4065; x_wconf 90' lang='lat' dir='ltr'><strong>commodum</strong></span> <span class='ocrx_word' id='word_1_275' title='bbox 817 4003 916 4062; x_wconf 91' lang='lat' dir='ltr'><strong>est</strong></span> <span class='ocrx_word' id='word_1_276' title='bbox 975 3995 1053 4062; x_wconf 89' lang='lat' dir='ltr'><strong>iis</strong></span> <span class='ocrx_word' id='word_1_277' title='bbox 1117 3995 1236 4083; x_wconf 91' lang='lat' dir='ltr'><strong>qui</strong></span> <span class='ocrx_word' id='word_1_278' title='bbox 1292 3993 1626 4085; x_wconf 87' lang='lat' dir='ltr'><strong>Stephani</strong></span> <span class='ocrx_word' id='word_1_279' title='bbox 1686 3992 2115 4062; x_wconf 85' lang='lat' dir='ltr'><strong>Thesaurum</strong></span> <span class='ocrx_word' id='word_1_280' title='bbox 2179 3995 2557 4082; x_wconf 87' lang='lat' dir='ltr'><strong>consulunt,</strong></span> <span class='ocrx_word' id='word_1_281' title='bbox 2646 4059 2657 4072; x_wconf 72' lang='grc'><strong>,</strong></span> 
     </span>
     <span class='ocr_line' id='line_1_35' title="bbox 305 4095 2558 4188; baseline 0.002 -24"><span class='ocrx_word' id='word_1_282' title='bbox 305 4095 466 4167; x_wconf 88' lang='lat' dir='ltr'><strong>hoc.</strong></span> <span class='ocrx_word' id='word_1_283' title='bbox 512 4108 645 4182; x_wconf 88' lang='lat' dir='ltr'><strong>est,</strong></span> <span class='ocrx_word' id='word_1_284' title='bbox 738 4096 925 4187; x_wconf 89' lang='lat' dir='ltr'><strong>quod</strong></span> <span class='ocrx_word' id='word_1_285' title='bbox 985 4098 1326 4188; x_wconf 88' lang='lat' dir='ltr'><strong>quaedam</strong></span> <span class='ocrx_word' id='word_1_286' title='bbox 1390 4097 1619 4165; x_wconf 74' lang='lat' dir='ltr'><strong>verba‘</strong></span> <span class='ocrx_word' id='word_1_287' title='bbox 1675 4105 1749 4163; x_wconf 88' lang='lat' dir='ltr'><strong>ut</strong></span> <span class='ocrx_word' id='word_1_288' title='bbox 1807 4098 1926 4166; x_wconf 91' lang='lat' dir='ltr'><strong>ubi</strong></span> <span class='ocrx_word' id='word_1_289' title='bbox 1994 4099 2383 4186; x_wconf 77' lang='lat' dir='ltr'><strong>quaerenda</strong></span> <span class='ocrx_word' id='word_1_290' title='bbox 2429 4100 2558 4168; x_wconf 87' lang='lat' dir='ltr'><strong>sint</strong></span> 
     </span>
     <span class='ocr_line' id='line_1_36' title="bbox 308 4193 2552 4324; baseline 0.003 -56"><span class='ocrx_word' id='word_1_291' title='bbox 308 4200 562 4286; x_wconf 82' lang='lat' dir='ltr'><strong>discas,</strong></span> <span class='ocrx_word' id='word_1_292' title='bbox 613 4201 860 4269; x_wconf 90' lang='lat' dir='ltr'><strong>Indicis</strong></span> <span class='ocrx_word' id='word_1_293' title='bbox 891 4201 1303 4292; x_wconf 89' lang='lat' dir='ltr'><strong>inspectione</strong></span> <span class='ocrx_word' id='word_1_294' title='bbox 1333 4222 1504 4291; x_wconf 90' lang='lat' dir='ltr'><strong>opus</strong></span> <span class='ocrx_word' id='word_1_295' title='bbox 1532 4209 1648 4267; x_wconf 86' lang='lat' dir='ltr'><strong>est.</strong></span> <span class='ocrx_word' id='word_1_296' title='bbox 1717 4198 1835 4270; x_wconf 86' lang='lat' dir='ltr'><strong>Sic</strong></span> <span class='ocrx_word' id='word_1_297' title='bbox 1879 4193 2164 4297; x_wconf 68' lang='grc' dir='ltr'><strong><em>ρήσσω,</em></strong></span> <span class='ocrx_word' id='word_1_298' title='bbox 2218 4194 2552 4324; x_wconf 76' lang='grc' dir='ltr'>ρήγνυμι,</span> 
     </span>
     <span class='ocr_line' id='line_1_37' title="bbox 310 4304 2556 4428; baseline 0.002 -56"><span class='ocrx_word' id='word_1_299' title='bbox 310 4314 377 4372; x_wconf 89' lang='lat' dir='ltr'><strong>et</strong></span> <span class='ocrx_word' id='word_1_300' title='bbox 384 4328 608 4428; x_wconf 44' lang='lat' dir='ltr'><strong>”quae</strong></span> <span class='ocrx_word' id='word_1_301' title='bbox 650 4304 814 4373; x_wconf 91' lang='lat' dir='ltr'><strong>hinc</strong></span> <span class='ocrx_word' id='word_1_302' title='bbox 860 4304 1277 4388; x_wconf 85' lang='lat' dir='ltr'><strong>derivantur,</strong></span> <span class='ocrx_word' id='word_1_303' title='bbox 1359 4304 1564 4370; x_wconf 85' lang='lat' dir='ltr'><strong>allata</strong></span> <span class='ocrx_word' id='word_1_304' title='bbox 1615 4311 1767 4369; x_wconf 86' lang='lat' dir='ltr'><strong>sunt</strong></span> <span class='ocrx_word' id='word_1_305' title='bbox 1827 4305 1898 4372; x_wconf 92' lang='lat' dir='ltr'><strong>in</strong></span> <span class='ocrx_word' id='word_1_306' title='bbox 1952 4305 2163 4373; x_wconf 83' lang='lat' dir='ltr'><strong>verbo</strong></span> <span class='ocrx_word' id='word_1_307' title='bbox 2222 4298 2556 4398; x_wconf 68' lang='lat' dir='ltr'><strong>dpdoow3</strong></span> 
     </span>
    </p>
   </div>
   <div class='ocr_carea' id='block_1_7' title="bbox 307 4399 2556 4607">
    <p class='ocr_par' dir='ltr' id='par_1_7' title="bbox 307 4399 2556 4607">
     <span class='ocr_line' id='line_1_38' title="bbox 311 4399 2554 4505; baseline -0.001 -26"><span class='ocrx_word' id='word_1_308' title='bbox 311 4408 444 4504; x_wconf 70' lang='lat' dir='ltr'><strong>(im,</strong></span> <span class='ocrx_word' id='word_1_309' title='bbox 513 4408 756 4505; x_wconf 80' lang='grc' dir='ltr'><em>ῥῆμα,</em></span> <span class='ocrx_word' id='word_1_310' title='bbox 824 4405 893 4474; x_wconf 92' lang='lat' dir='ltr'><strong>in</strong></span> <span class='ocrx_word' id='word_1_311' title='bbox 946 4410 1154 4501; x_wconf 80' lang='grc' dir='ltr'><em>εἴρω,·</em></span> <span class='ocrx_word' id='word_1_312' title='bbox 1220 4399 1494 4503; x_wconf 76' lang='grc' dir='ltr'><strong><em>ροθός,</em></strong></span> <span class='ocrx_word' id='word_1_313' title='bbox 1560 4405 1718 4502; x_wconf 77' lang='grc' dir='ltr'><strong>ρίν,</strong></span> <span class='ocrx_word' id='word_1_314' title='bbox 1791 4401 2101 4503; x_wconf 82' lang='grc' dir='ltr'><strong><em>βροτός,</em></strong></span> <span class='ocrx_word' id='word_1_315' title='bbox 2157 4402 2554 4501; x_wconf 71' lang='grc' dir='ltr'><em>ἀμβροσία,</em></span> 
     </span>
     <span class='ocr_line' id='line_1_39' title="bbox 307 4505 2556 4607; baseline -0.002 -26"><span class='ocrx_word' id='word_1_316' title='bbox 307 4505 729 4605; x_wconf 73' lang='grc' dir='ltr'><em>ἁβροτοέζω,</em></span> <span class='ocrx_word' id='word_1_317' title='bbox 808 4510 877 4576; x_wconf 91' lang='lat' dir='ltr'><strong>in</strong></span> <span class='ocrx_word' id='word_1_318' title='bbox 940 4512 1099 4607; x_wconf 60' lang='lat' dir='ltr'><strong>(55.oe</strong></span> <span class='ocrx_word' id='word_1_319' title='bbox 1202 4510 1401 4581; x_wconf 87' lang='lat' dir='ltr'><strong>Haec</strong></span> <span class='ocrx_word' id='word_1_320' title='bbox 1454 4517 1524 4578; x_wconf 89' lang='lat' dir='ltr'><strong>et</strong></span> <span class='ocrx_word' id='word_1_321' title='bbox 1584 4508 1825 4579; x_wconf 86' lang='lat' dir='ltr'><strong>similia</strong></span> <span class='ocrx_word' id='word_1_322' title='bbox 1873 4512 1953 4579; x_wconf 87' lang='lat' dir='ltr'><strong>iis</strong></span> <span class='ocrx_word' id='word_1_323' title='bbox 2009 4511 2179 4580; x_wconf 85' lang='lat' dir='ltr'><strong>locis</strong></span> <span class='ocrx_word' id='word_1_324' title='bbox 2221 4508 2389 4601; x_wconf 88' lang='lat' dir='ltr'><strong>poni</strong></span> <span class='ocrx_word' id='word_1_325' title='bbox 2430 4530 2556 4577; x_wconf 85' lang='lat' dir='ltr'><strong>nos</strong></span> 
     </span>
    </p>
   </div>
   <div class='ocr_carea' id='block_1_8' title="bbox 405 4611 2162 4684">
    <p class='ocr_par' dir='ltr' id='par_1_8' title="bbox 405 4611 2162 4684">
     <span class='ocr_line' id='line_1_40' title="bbox 405 4611 2162 4684; baseline -0.002 0"><span class='ocrx_word' id='word_1_326' title='bbox 405 4614 656 4684; x_wconf 73' lang='lat' dir='ltr'><strong>Herm.</strong></span> <span class='ocrx_word' id='word_1_327' title='bbox 711 4611 988 4683; x_wconf 80' lang='grc' dir='ltr'><strong>ΟΡ.1[.</strong></span> <span class='ocrx_word' id='word_1_328' title='bbox 2100 4612 2162 4680; x_wconf 87' lang='lat' dir='ltr'>P</span> 
     </span>
    </p>
   </div>
   <div class='ocr_carea' id='block_1_9' title="bbox 3240 4507 3245 5045">
    <p class='ocr_par' dir='ltr' id='par_1_9' title="bbox 3240 4507 3245 5045">
     <span class='ocr_line' id='line_1_41' title="bbox 3240 4507 3245 5045; baseline 0 0"><span class='ocrx_word' id='word_1_329' title='bbox 3240 4507 3245 5045; x_wconf 95' lang='lat' dir='ltr'><strong> </strong></span> 
     </span>
    </p>
   </div>
  </div>
 </body>
</html>
