3325 5317
684 481 775 547 Μ
858 478 975 539 DE
1029 475 1439 539 LEGIBVS
1485 473 2058 552 QVIBVSDAM
2110 474 2863 541 SVBTILIORIBVS

687 647 1096 745 τισαίμεθα
1157 641 1410 748 λώβην.
1481 676 1560 722 ω.
1601 645 1777 718 226.
1852 643 2118 722 αὐτίκα
2167 642 2314 743 γοίρ
2374 674 2472 741 με
2537 646 2930 723 κατακτεί-

688 781 883 831 νειεν
923 749 1341 845 Ἀχιλλεύς,
1400 745 1619 845 (ἐγκας
1657 744 1902 826 ἑλόντ’
1953 744 2136 845 ἐμον
2163 744 2350 840 υἱόν,
2402 745 2583 849 ἐπῆν
2630 744 2810 844 γόου
2858 756 2932 835 ἐξ

692 857 863 954 ἔρον
912 864 1086 954 εἴην.
1139 853 1280 929 od.
1330 859 1392 929 δ.
1440 854 1614 923 222.
1666 855 1747 937 ὃς
1789 881 1882 928 το
1922 846 2472 978 καταβρόξειεν,
2525 850 2704 975 ἑπην
2743 880 2922 980 κρη-

689 960 865 1057 τῆρι
919 956 1200 1057 μιγείη,
1278 955 1372 1031 οὔ
1425 985 1548 1032 κεν
1607 949 2002 1080 ἐφημέριός
2051 984 2135 1049 γε
2194 951 2415 1050 βάλοι
2467 983 2659 1030 κατα
2706 952 2930 1081 δάκρυ

689 1062 1030 1186 παρειῶν.
1085 1061 1223 1131 Od.
1262 1088 1337 1133 ω.
1380 1057 1552 1129 254.
1582 1053 1921 1155 τοιούτῳ
1951 1059 2036 1133 δὲ
2077 1061 2357 1148 ἔοικας,
2411 1059 2566 1134 ἐπει
2620 1053 2927 1133 λούσαι-

690 1191 781 1240 το
824 1158 1053 1285 φάγοι
1091 1188 1210 1240 τε·
1259 1164 1352 1233 de
1390 1164 1634 1255 quibus
1685 1162 1856 1233 locis
1895 1163 2071 1234 duos
2117 1163 2418 1254 neglexit
2464 1162 2931 1245 Thierschius,

688 1269 809 1358 qui
846 1268 915 1335 in
961 1268 1108 1354 his,
1156 1290 1334 1358 quae
1374 1293 1446 1363 p.
1483 1262 1656 1337 196.
1702 1289 1891 1357 seqq.
1929 1275 2001 1335 et
2025 1264 2198 1336 213.
2248 1267 2338 1335 de
2379 1267 2713 1358 particula
2767 1266 2926 1340 ἐπεὶ
2976 1272 2988 1280 “

689 1372 954 1440 disserit
969 1418 990 1455 ,
1040 1373 1398 1441 immemor
1427 1394 1695 1457 eorum,
1746 1392 1923 1461 quae
1962 1393 2035 1461 p.
2069 1368 2242 1444 186.
2286 1370 2434 1461 ipse
2475 1369 2765 1454 dixerat,
2815 1390 2931 1437 re-

688 1474 890 1568 gulas
931 1475 1484 1560 comminiscitur,
1533 1477 1606 1544 iu
1635 1476 1879 1563 quibus
1920 1472 2114 1543 haud
2158 1474 2298 1544 scio
2332 1497 2419 1541 an
2460 1472 2630 1540 nihil
2658 1474 2931 1541 omnino

690 1578 833 1647 veri
864 1579 967 1651 sit.
1072 1578 1214 1663 Qui
1242 1578 1337 1662 si,
1386 1597 1599 1668 quum
1629 1575 1808 1666 ἐπῆν
1837 1598 1995 1646 cum
2023 1578 2326 1667 optativo
2351 1576 2542 1668 iungi
2568 1599 2772 1668 posse
2810 1600 2932 1646 ne·-

686 1689 845 1775 gat,
910 1683 985 1750 iu
1021 1680 1146 1748 illo
1189 1681 1379 1767 solo,
1453 1674 1631 1775 ἐπῆν
1682 1673 1932 1760 &olivae
1972 1684 2388 1775 παραθεῖτο
2451 1678 2590 1748 Od.
2632 1687 2705 1772 β.
2753 1673 2930 1747 165.

688 1812 757 1858 τ.
796 1779 970 1857 156.
1019 1811 1094 1857 ω.
1150 1783 1321 1856 146.
1390 1782 1749 1867 haesisset,
1828 1804 1965 1850 non
2009 1782 2319 1851 mirarer:
2380 1782 2523 1852 hoc
2570 1783 2750 1851 enim
2803 1782 2930 1851 ali-

685 1910 895 1977 quam
938 1887 1266 1955 rationem
1305 1886 1550 1956 habet:
1619 1885 1743 1955 sed
1783 1885 1974 1975 quod
2020 1886 2167 1971 illa,
2235 1908 2413 1976 quae
2456 1910 2660 1976 supra
2706 1885 2933 1978 posui,

684 1998 927 2075 tentat,
994 2012 1248 2083 magno
1278 2063 1287 2072 ,
1314 2013 1527 2084 opere
1568 1990 1796 2058 miror.
1837 2025 1850 2032 ·
1898 1991 2076 2057 Nam
2118 1990 2191 2057 in
2235 1989 2375 2057 istis
2415 1990 2582 2059 locis
2627 1991 2934 2058 omnibus

684 2097 900 2183 quum
938 2114 1076 2161 uon
1116 2094 1207 2162 de
1256 2116 1341 2176 eo
1359 2143 1380 2180 ,
1432 2092 1627 2184 quod
1676 2115 1836 2162 vere
1880 2093 2183 2161 futurum
2222 2092 2459 2179 fuerit,
2512 2093 2634 2162 sed
2687 2093 2777 2161 de
2821 2114 2932 2178 eo,

688 2196 880 2286 qnod
936 2206 1011 2264 ut
1050 2196 1352 2266 futurum
1399 2193 1864 2290 cogitabatur,
1928 2218 2151 2265 sermo
2194 2196 2308 2283 sit,
2362 2204 2680 2288 apparet,
2745 2204 2933 2266 recte

591 2304 677 2367 18
691 2299 1076 2369 adhibitum
1118 2323 1262 2370 esse
1310 2301 1704 2393 optativum.
1807 2300 1903 2369 Vt
1946 2299 2023 2367 id
2065 2299 2289 2369 statim
2325 2301 2396 2368 in
2431 2301 2659 2391 primo
2708 2308 2941 2369 osten·-

582 2419 585 2424 ·
683 2404 848 2472 dam
864 2451 885 2488 ,
949 2425 1088 2472 non
1158 2403 1301 2473 hoc
1388 2404 1585 2490 dicit,
1650 2410 2114 2495 prosternere
2188 2403 2576 2473 Hectorem
2628 2403 2926 2497 paterio,

680 2529 898 2601 quum
941 2507 1065 2576 ille
1099 2506 1227 2576 tibi
1254 2528 1493 2601 prope
1522 2508 1829 2576 venerit:
1878 2529 2102 2596 neque
2141 2507 2320 2578 enim
2357 2516 2710 2576 venturum
2746 2530 2930 2576 asse-

680 2620 900 2679 verat:
951 2611 1073 2680 sed
1114 2612 1425 2703 poteris,
1479 2634 1695 2703 quum
1732 2632 1972 2702 prope
2012 2611 2314 2693 venerit,
2375 2611 2756 2703 siquidem
2802 2632 2929 2679 ve·-

678 2714 843 2782 m‘et.
946 2714 1215 2782 Eadem
1258 2722 1328 2780 et
1362 2713 1780 2803 reliquorum
1804 2714 2115 2782 locorum
2142 2713 2311 2780 ratio
2342 2723 2479 2801 est,
2533 2724 2602 2783 et
2627 2715 2927 2797 illorum,

677 2816 747 2883 in
791 2815 1039 2903 quibus
1074 2814 1515 2884 Thierschius
1555 2839 1628 2944 p.
1664 2814 1785 2882 13.
1817 2815 2314 2906 coniunctivum
2347 2818 2590 2910 reponi
2616 2818 2795 2887 vult:
2843 2817 2927 2885 n.

678 2948 744 3012 y.
776 2915 899 2985 54.
941 2915 1073 2991 οὐκ
1123 2917 1214 2992 ἄν
1259 2944 1383 2991 τοι
1412 2917 1733 3041 χραίσμῃ
1763 2915 2094 3015 κίθαρις,
2148 2912 2247 2991 τοί
2289 2947 2374 2994 τε
2408 2918 2585 3018 ὄφρ’
2633 2917 2928 3017 Ἀφρο-

680 3019 910 3119 δίτης,
965 3019 1016 3118 ἦ
1058 3048 1142 3093 τε
1183 3015 1412 3117 κόμη,
1481 3014 1576 3095 τό
1619 3049 1704 3094 τε
1741 3018 1970 3110 εἶδος,
2027 3018 2150 3095 ὅτ’
2183 3026 2259 3096 ἐν
2309 3023 2588 3120 κονίησι
2628 3023 2923 3121 μιγείης.

685 3124 824 3194 Ο(1.
865 3133 920 3206 ξ.
964 3122 1137 3192 3Ί2.
1182 3121 1347 3197 οὐδὲ
1392 3117 1691 3198 πόλινδε
1735 3125 2085 3248 ἔρχομαι,
2156 3128 2221 3200 εί
2262 3119 2369 3222 μή
2416 3122 2563 3199 πού
2590 3153 2668 3200 τι
2709 3125 2924 3222 περί-

686 3252 889 3354 φρων
928 3221 1387 3325 Πηνελόπεια
1421 3230 1728 3322 ἐλθέμεν
1779 3221 2207 3323 ὀτρύνησιν,
2277 3226 2399 3302 ὅτ’
2438 3225 2726 3324 ἀγγελίη
2778 3255 2928 3301 πο-

681 3330 821 3403 θὲν
855 3331 1089 3403 ἔλθοι.
1190 3332 1367 3398 Nam
1392 3354 1616 3420 neque
1647 3330 1919 3400 Helena
1949 3340 2239 3401 mortem
2274 3331 2636 3403 denunciat
2672 3330 2929 3417 Paridi,

679 3432 802 3502 sed
831 3433 1174 3518 hortatur,
1242 3443 1318 3501 ut
1349 3456 1506 3503 cum
1543 3434 1870 3503 Menelao
1909 3444 2207 3528 pugnet,
2259 3436 2519 3505 salvum
2551 3436 2928 3504 rediturum

674 3560 979 3628 sperans:
1028 3559 1253 3627 neque
1292 3539 1672 3622 Eumaeus,
1724 3539 1846 3606 ubi
1893 3541 2173 3610 nuncius
2219 3540 2511 3629 venerit,
2574 3548 2924 3629 tamquam

674 3642 732 3709 si
768 3640 908 3710 hoc
955 3641 1106 3710 fieri
1134 3642 1397 3728 soleat,
1451 3665 1524 3711 se
1569 3641 1734 3710 dicit
1772 3641 1841 3709 in
1869 3642 2109 3710 urbem
2150 3642 2286 3728 ire,
2339 3643 2462 3711 sed
2509 3643 2564 3710 si
2594 3644 2775 3712 forte
2802 3665 2927 3711 ve-

672 3744 814 3811 niat
854 3746 1148 3815 nuncius.
1267 3743 1714 3815 Thierschius
1774 3745 2051 3834 quidem
2089 3741 2379 3836 utroque
2428 3747 2498 3813 in
2542 3747 2701 3816 loco
2752 3767 2926 3815 con-

670 3847 965 3915 iunctivo
980 3896 1001 3933 ,
1074 3849 1193 3939 qui
1229 3849 1602 3969 praecedat
1616 3896 1638 3934 ,
1722 3849 2099 3938 optativum
2139 3850 2412 3919 excludi
2459 3849 2642 3919 dicit.
2757 3849 2923 3918 Hoc

665 3949 871 4039 quale
914 3951 1028 4037 sit,
1080 3953 1331 4022 nescio.
1432 3953 1577 4023 Sed
1615 3951 1891 4038 viderit,
1944 3953 2110 4042 quid
2158 3953 2362 4022 faciat
2399 3952 2541 4024 hoc
2591 3956 2784 4039 loco,
2835 3953 2921 4021 11.

667 4056 730 4126 λ.
762 4050 937 4120 386.
1002 4081 1066 4127 ει
1107 4054 1245 4150 μὲν
1278 4048 1369 4152 δη
1406 4052 1745 4149 αντίβιον
1779 4082 1912 4129 συν
1960 4049 2249 4148 τεύχεσι
2289 4055 2730 4155 πειρηθείης,
2784 4083 2921 4129 ουκ

669 4184 764 4232 αν
808 4182 934 4229 τοι
975 4157 1370 4255 χραίσμησι
1415 4154 1578 4253 βιος
1629 4157 1749 4232 καί
1785 4162 2094 4257 ταρφέες
2139 4158 2264 4232 ἰοί.
2364 4160 2585 4230 Alteri
2620 4160 2783 4229 loco
2827 4159 2921 4228 il-

664 4261 1012 4329 lustrando
1067 4259 1187 4331 hic
1229 4273 1424 4353 aptus
1470 4272 1603 4350 est,
1657 4261 1798 4335 od.
1850 4291 1920 4335 α.
1969 4256 2146 4330 415.
2193 4259 2364 4336 οὔτ’
2413 4259 2547 4337 οὖν
2592 4257 2920 4359 α’γγελίῃς

666 4365 782 4439 ἔτι
821 4362 1227 4456 πείθομαι,
1282 4367 1359 4438 εἴ
1383 4375 1619 4440 ποθεν
1665 4366 1918 4455 ἔλθοι,
1976 4362 2150 4438 οὔτε
2183 4374 2636 4463 θεοπροπίης
2667 4362 2918 4459 ἐμπα-

664 4478 929 4564 ζομαι,
984 4466 1244 4565 ἥντινα
1272 4462 1554 4568 μήτηρ,
1608 4469 1679 4552 εἷς
1704 4470 2028 4565 μέγαρον
2057 4468 2420 4543 καλέσασα
2461 4464 2917 4567 θεοπρόπον,
