3325 5317
869 535 1354 610 ransavnl
1408 539 2080 626 εΤΕΡΗΑΝιᾼΝι.
2453 547 2597 628 ⁹22⁹1

336 704 728 804 jocatur‘,“'
741 735 895 833 ‘pro
940 715 1264 801 ‚‚iocum‚
1327 713 1591 783 iocatur
1603 719 1674 800 ,⁶⁶
1738 715 1949 806 (quae
1990 714 2236 785 Latina
2289 723 2389 784 e'st
2425 716 2596 786 scri-

348 825 587 907 ptura,
655 816 840 886 cuius
886 820 1231 912 neglectio
1273 816 1613 886 interdum
1656 841 1914 888 errores
1957 819 2181 912 gignit
2195 865 2217 902 ,
2279 827 2355 886 ut
2404 820 2595 909 quod

348 941 422 1010 p.
478 918 651 987 271.
705 921 789 1016 ᾼ.
832 923 1156 1014 scriptum
1207 929 1344 1003 est,
1407 944 1512 1006 „a
1553 920 2034 1008 Jamblicho‚“
2109 919 2301 1012 quod
2355 921 2598 992 Latine

343 1022 490 1091 dici
547 1023 846 1093 debebat
906 1027 1056 1110 „ab
1097 1023 1479 1094 Iamblicho
1499 1029 1575 1108 ιι)
1629 1024 1976 1095 Juvenalis
2038 1025 2168 1094 xiV.
2237 1047 2430 1116 „pro
2477 1025 2598 1093 Iu·-

346 1126 567 1195 venal.
615 1128 756 1200 Sat.
811 1126 931 1195 14.
935 1134 980 1173 ‘⁶
1047 1126 1535 1221 „Stephanum
1574 1129 1746 1218 Byz.
1767 1132 1813 1174 ‘⁶
1862 1151 1994 1222 pro
2041 1127 2599 1220 „Stephanum,“

348 1238 418 1297 ct
451 1229 583 1297 alia
611 1228 1002 1300 huiusmodi
1041 1232 1662 1300 animadvertimus:
1712 1256 1892 1322 quae
1924 1234 2046 1300 etsi
2082 1232 2262 1300 levia
2291 1240 2477 1318 sunt,
2529 1242 2600 1300 et

342 1335 682 1401 neminem
727 1344 1107 1421 morantur,
1174 1344 1436 1420 tamen,
1503 1357 1716 1424 quum
1761 1358 1994 1405 caussa
2047 1335 2353 1404 mutandi
2406 1336 2645 1405 nullaS

345 1441 520 1505 esset
535 1484 556 1521 ‚
621 1458 760 1504 non
798 1439 1016 1508 fuisse·
1052 1437 1374 1507 mutanda
1430 1439 1898 1507 existimamus
2014 1438 2241 1507 Maius
2287 1461 2447 1507 vero
2488 1438 2598 1505 in·-

346 1540 789 1608 commodum
832 1564 915 1609 ex
963 1564 1046 1613 eo
1090 1552 1318 1610 ortum
1361 1542 1707 1627 videmus,
1811 1542 2004 1632 quod
2064 1564 2241 1632 quac
2287 1543 2376 1610 ab
2433 1542 2596 1631 ipsis

342 1642 737 1711 Editoribus
769 1645 981 1712 textui
1027 1646 1267 1714 inserta
1306 1655 1489 1730 sunt,
1543 1669 1751 1738 saepe
1785 1647 1873 1714 ab
1917 1647 2036 1731 iis,
2089 1667 2264 1734 quae
2291 1645 2598 1735 Stepha-

344 1767 467 1813 nus
515 1746 902 1837 scripserat,
933 1748 1292 1841 distingui
1333 1759 1699 1839 nequeunt.
1802 1750 1981 1819 Nam
2020 1749 2177 1818 unci
2213 1747 2353 1816 sive
2393 1748 2598 1815 semi-

347 1850 705 1918 circulares
767 1851 906 1919 sive
965 1852 1325 1944 angulares
1343 1900 1364 1935 ,
1445 1874 1616 1941 quos
1653 1853 2066 1942 plerumque
2109 1864 2595 1943 apposuerunt,

342 1976 482 2021 non
508 1953 834 2022 idoneum
867 1957 1200 2044 praebent
1246 1955 1589 2043 indicium,
1641 1979 1854 2044 quum
1893 1957 2189 2044 utrisque
2221 1954 2422 2023 etiam
2449 1956 2596 2047 ipse

325 2055 735 2146 ,Stephanus
776 2080 929 2124 usus
959 2049 1061 2124 sit.
1168 2059 1285 2126 Sic
1323 2058 1513 2146 quod
1547 2082 1617 2150 p.
1652 2060 1725 2124 4.
1758 2058 1838 2130 Ο.
1869 2058 2308 2148 scripserunt,
2359 2057 2597 2149 „apud

344 2160 774 2250 Stephanum
815 2160 989 2249 Byz.
1051 2160 1161 2250 (v.
1193 2155 1549 2254 Γάργαρα
1567 2165 1647 2251 )“
1718 2171 1786 2228 ct
1833 2182 1996 2228 mox
2039 2160 2125 2228 1).
2186 2159 2594 2251 „(Capitol.

233 2353 240 2359 ,
340 2262 413 2329 in
457 2263 706 2331 Pertin.
749 2284 808 2331 c.
847 2264 893 2330 1.
938 2263 1121 2331 Puer
1159 2263 1369 2330 literis
1406 2264 1850 2331 elementariis
1868 2312 1889 2349 ‚
1941 2272 2010 2332 et
2057 2263 2328 2333 calculo
2366 2263 2595 2332 imbu-

343 2367 555 2456 tus.)“
606 2365 791 2453 quiS‚
840 2367 968 2434 nisi
1012 2367 1225 2434 veteri
1269 2367 1565 2435 editione
1607 2367 1947 2457 inspecta,
2001 2389 2139 2435 non
2183 2389 2364 2452 esse,
2416 2389 2595 2456 quae

340 2468 531 2538 uncis
564 2468 819 2538 inclusa
859 2479 1044 2552 sunt,
1113 2471 1202 2537 ab
1252 2469 1403 2559 ipso
1444 2469 1802 2560 Stephano
1851 2469 2085 2537 addita
2127 2469 2338 2538 sciet?
2405 2468 2594 2555 Quid

339 2591 505 2641 vero
537 2572 626 2640 de
662 2593 747 2640 eo
790 2571 1125 2661 dicamu5‚
1178 2571 1371 2663 quod
1414 2573 1753 2662 quaedam
1801 2573 1898 2643 sic
1929 2573 2278 2641 immutata
2312 2581 2381 2641 et
2422 2572 2594 2641 alie-

340 2676 443 2743 nis
485 2675 818 2767 permixta
862 2685 1046 2764 sunt,
1109 2685 1185 2743 ut
1233 2676 1474 2768 plane,
1539 2700 1719 2767 quae
1765 2675 2100 2767 Stephani
2146 2676 2365 2745 verbis
2415 2697 2594 2744 nova
2668 2757 2673 2761 .

249 2864 257 2871 α
342 2780 776 2864 accesserint,
857 2779 1167 2872 dignosci
1232 2779 1577 2870 nequeat?
1694 2781 1806 2849 De
1863 2781 2137 2848 nomine
2204 2776 2596 2872 ἀβακίσκος

338 2882 727 2976 Stephanus
759 2881 944 2974 *haec
988 2885 1380 2974 scripserat:
1511 2891 1516 2898 ’

547 3050 1028 3147 ,ξΑβακίσκος
1043 3109 1070 3142 ,
1124 3080 1211 3126 ου
1223 3109 1249 3142 ,
1305 3052 1349 3128 ὁ
1364 3109 1394 3145 ,
1454 3055 1762 3125 Tessella
1793 3053 2200 3145 pavimenti,
2250 3055 2607 3128 Budaeus..

338 3157 711 3227 Moschion
742 3157 930 3249 apud
969 3157 1136 3226 Ath.
1166 3153 1237 3224 5.
1269 3158 1518 3234 ,ταῦτα
1550 3158 1627 3233 δὲ
1658 3152 1903 3230 πάντα
1936 3151 2251 3232 δάπεδον
2289 3154 2479 3248 εἶχεν
2515 3163 2592 3234 ἐν

340 3254 761 3356 ἀβακίσκοις
804 3259 1270 3353 συγκείμενον
1316 3266 1392 3336 ἐκ
1443 3260 1816 3335 παντοίων
1871 3259 2121 3334 λίθων.
2243 3261 2384 3332 Vbi
2445 3263 2593 3330 Eu-

339 3363 660 3452 stamius,
727 3360 1099 3459 ἕνθαόρα
1154 3358 1250 3438 vo*
1307 3360 1763 3459 ἀβακίσκοις·
1839 3367 1911 3446 ἐξ
1959 3359 2052 3436 οὗ
2095 3362 2313 3457 δῆλον
2360 3361 2452 3444 οἷς
2499 3360 2591 3436 ου’

334 3461 571 3560 μόνον
612 3465 729 3540 ἐπὶ
765 3465 1054 3547 σανίδος
1087 3463 1132 3539 ὁ
1162 3467 1352 3559 ἀβαε
1382 3466 1501 3540 καὶ
1531 3461 1625 3541 vo*
1653 3459 1993 3560 ἀβάκιον,
2049 3461 2211 3538 ἀλλ’
2256 3460 2423 3539 ἰδοῦ
2466 3465 2591 3538 καὶ

324 3571 454 3645 ,ἐπὶ
497 3569 730 3645 λίθων
765 3565 1374 3666 ὀμοιοσχημόνων
1419 3571 1724 3653 ξυλίνοις
1766 3567 2099 3661 ἄβαξιν.“

335 3740 535 3808 Haec
580 3741 651 3808 in
695 3762 875 3809 nova
923 3736 1217 3809 editione
1267 3742 1356 3809 ad
1399 3740 1584 3809 hunc
1628 3738 1913 3807 modum
1955 3738 2363 3829 interpolata
2406 3745 2590 3806 sunt:

545 3907 1069 4005 ,,Ἀβακι’σκος,
1126 3939 1256 4001 ου,
1312 3908 1356 3983 ὁ
1373 3967 1400 4000 ,
1452 3910 1762 3980 Taeseua
1789 3909 2195 4000 pavimenti,
2246 3910 2597 3980 Budaeus.-

333 4014 707 4085 Moschion
755 4038 866 4106 ap.
920 4015 1169 4084 Athen.
1216 4012 1286 4082 5.
1352 4016 1456 4105 (p.
1518 4005 1693 4081 2⁰7.
1749 4016 1844 4104 c.)
1905 4012 2157 4085 Ταῦτα
2220 4014 2300 4087 δὲ
2343 4008 2589 4088 πάντα
2706 4071 2715 4075 -

337 4112 653 4191 δάπεδον
714 4115 902 4208 εἶχεν
954 4123 1031 4190 ἐν
1091 4116 1509 4211 ἀβακίσκοις
1556 4116 2024 4211 συγκείμενον
2084 4120 2161 4189 ἐκ
2215 4118 2584 4191 παντοίων
2678 4115 2688 4124 ’

335 4222 607 4309 λίθων,
702 4226 779 4294 ἐν
835 4220 941 4300 οἷς
1017 4216 1107 4316 ἦν
1175 4222 1834 4313 κατεσκευασμένος
1908 4220 2048 4301 πᾶς
2123 4217 2165 4291 o‘
2220 4219 2383 4316 περὶ
2444 4214 2582 4312 τήν

333 4318 615 4397 Ἰλιάδα
639 4324 906 4416 μῦθος
947 4323 1393 4415 θαυμασίως.
1489 4323 1882 4415 (Loquitur
1931 4323 2023 4392 de
2063 4323 2402 4410 Hierone,
2466 4322 2579 4411 qui

329 4429 657 4496 tesselatis
691 4449 850 4495 suae
887 4428 1073 4495 navis
1103 4428 1500 4518 pavimentis
1540 4428 1920 4496 universum
1947 4425 2174 4495 Iliadis
2217 4447 2585 4518 argumen-

331 4539 479 4599 tum
510 4539 859 4601 curaverat
881 4532 1415 4623 exprimendnm.
1520 4531 1640 4603 Sic
1678 4554 1799 4601 rex
1825 4531 2259 4700 FranciszcuS,
2307 4537 2581 4600 notante

1977 4633 2039 4701 P
