3325 5317
1152 431 1157 437 ’
1229 454 1857 541 υᾼΝΑιυιΒνε.
2271 528 2278 541 ,
2538 461 2669 533 388

254 680 260 685 -
404 629 573 701 'Nec
586 675 608 716 ,
673 628 730 700 si
774 628 1020 722 quibus
1038 630 1125 710 ,in
1166 629 1520 711 codicibus
1565 629 1793 717 deest,
1844 629 1980 700 alia
2029 628 2398 701 omissionis
2434 653 2670 707 caussa

420 734 615 817 fuit„
683 756 892 824 quam
960 735 1295 807 aberratio
1351 733 1779 803 librariorum
1849 730 2150 826 propter
2195 735 2664 830 repetitionem

420 846 923 928 postremorum
962 838 1346 909 verborum.
1446 837 1571 908 Est
1616 837 1792 907 enim
1811 882 1840 923 ,-
1885 838 1940 905 si
1980 838 2369 929 quisquam,
2396 841 2665 931 ,genui-

421 962 580 1028 nus‚
631 941 845 1010 modo
910 941 1199 1013 Baccho
1263 939 1631 1025 tribuatur,
1696 963 1890 1012 more
1944 962 2064 1008 suo
2108 941 2340 1032 inepte
2382 942 2664 1011 interlo-

421 1044 692 1132 quenti,
743 1043 936 1135 quod
980 1046 1116 1115 iam
1151 1067 1236 1115 ex
1264 1043 1551 1132 antiquis
1590 1044 1871 1132 quidam
1903 1044 2374 1113 intellexerunt
2406 1045 2664 1116 facien-

316 1156 319 1161 “
419 1146 589 1215 dum
637 1169 800 1217 esse.
902 1148 1143 1238 ltaque
1198 1148 1337 1218 iam
1399 1147 1490 1215 de
1546 1147 1774 1238 primo
1843 1157 2102 1215 tantum
2131 1193 2135 1197 -
2160 1160 2364 1238 atque
2423 1150 2663 1218 ultimo

410 1251 725 1340 ,quaestio
810 1260 943 1337 est,
1032 1262 1261 1320 utrum
1353 1248 1676 1341 Aeschyli
1755 1247 1881 1317 sint
1897 1297 1918 1334 ,
2010 1273 2098 1319 an
2173 1252 2662 1343 Aristophanis.

416 1353 771 1422 Plutarchi
812 1354 1039 1425 citatio
1058 1355 1252 1423 nihil
1291 1353 1389 1423 ad
1416 1376 1583 1423 rem.
1686 1352 1825 1421 Hic
1868 1351 2163 1444 primum
2188 1376 2451 1424 versum
2484 1357 2661 1427 omi-

417 1456 544 1541 sit,
592 1459 753 1546 quia
791 1457 958 1547 quid
1002 1455 1489 1550 Aristophanes
1529 1456 1619 1525 de
1652 1454 2018 1529 Alcibiade
2044 1456 2381 1538 sensisset,
2432 1458 2663 1529 dicere

417 1561 713 1628 volebat.
814 1560 892 1630 Si
936 1562 1212 1637 testibus
1275 1558 1657 1653 agendum,
1733 1558 2221 1652 Aristophanes
2270 1562 2484 1630 videri
2531 1562 2659 1630 de-

416 1663 542 1730 bet
582 1662 714 1731 hos
748 1687 974 1732 versus
1014 1664 1106 1734 ad
1143 1665 1536 1756 exemplum
1568 1662 1875 1732 dictionis
1917 1663 2339 1755 Aeschyleae
2365 1662 2657 1756 compo-

417 1768 623 1834 suisse
641 1815 663 1852 ,
729 1767 1051 1856 quoniam
1104 1767 1293 1839 hunc
1350 1768 1743 1856 loquentem
1785 1766 2099 1837 faciebat.
2213 1769 2434 1837 Nemo
2479 1770 2659 1838 enim

409 1868 661 1954 diserte
709 1872 973 1956 scribit,
1027 1871 1114 1938 ab
1158 1872 1311 1964 ipso
1356 1868 1708 1959 Aeschylo
1747 1868 1965 1940 factos
1995 1894 2155 1941 esse.
2256 1871 2400 1941 Sed
2446 1895 2653 1961 quum
2670 1881 2752 1945 14

416 1982 491 2041 et
528 1972 772 2065 fugere
815 1972 1155 2063 quaedam
1203 1973 1596 2073 scholiastas
1652 1974 2032 2062 potuerint,
2102 1996 2323 2065 neque
2362 1975 2659 2068 integros

413 2074 794 2162 habeamus
845 2085 1150 2161 veterum
1205 2073 1719 2158 commentarios
1735 2122 1757 2160 ,
1840 2098 2204 2166 versusque
2282 2077 2415 2169 ipsi
2490 2080 2657 2149 tales

417 2178 576 2263 sint,
646 2180 878 2269 quales
926 2180 1016 2247 ab
1064 2177 1412 2269 Aeschylo
1453 2177 1706 2248 alicubi
1760 2179 2034 2269 positos.
2065 2179 2205 2269 veri
2242 2178 2656 2267 simillimum

414 2282 499 2350 sit
515 2329 537 2367 ,
616 2283 1014 2375 praesertim
1074 2305 1286 2372 quum
1341 2281 1586 2351 eadem
1641 2281 1965 2350 sententia
2017 2282 2087 2351 in
2141 2284 2657 2375 Agamemnone

415 2406 483 2458 v.
527 2384 702 2454 726.
754 2409 956 2476 seqq.
994 2386 1407 2455 inveniatur-2
1444 2400 1449 2407 ’
1496 2385 1702 2456 facile
1751 2386 2068 2470 credam,
2141 2386 2350 2478 ipsius
2405 2397 2654 2478 poetae

415 2489 634 2557 verbis
671 2501 1036 2563 usum'esse
1059 2488 1604 2581 Aristophanem.
1707 2489 1866 2557 Non
1893 2499 2121 2557 tamen
2161 2499 2278 2559 aut
2315 2488 2457 2559 hoc
2482 2514 2653 2561 con-

320 2639 324 2643 <
412 2593 731 2678 tendam,
802 2602 916 2661 aut
958 2592 1029 2660 in
1067 2592 1484 2662 Danaidibus
1528 2614 1646 2660 eos
1692 2592 1898 2663 fuisse
1946 2593 2268 2683 scriptos:
2331 2592 2453 2660 sed
2495 2596 2653 2662 satis

413 2693 643 2764 habeo
680 2695 945 2781 dicere,
988 2705 1186 2787 aptos
1230 2696 1392 2767 huic
1425 2696 1702 2764 fabulae
1746 2695 1967 2764 fuisse.
2068 2694 2265 2766 Idem
2302 2699 2516 2771 sentio
2560 2699 2653 2765 de

412 2798 551 2865 alio
605 2799 930 2890 Aeschyli
984 2823 1180 2891 versu
1197 2852 1219 2888 ‚
1275 2800 1400 2889 qui
1440 2820 1578 2869 non
1618 2799 1834 2869 minus
1880 2800 2431 2873 accommodatus
2472 2801 2656 2871 foret

412 2901 811 2973 conflandae
844 2904 914 2973 in
952 2901 1305 2995 Lynceum
1347 2902 1674 2975 invidiae:

717 3107 944 3185 δεινοὶ
981 3110 1265 3189 πλέκειν
1314 3135 1434 3184 τοι
1475 3100 1804 3207 μηχανοῖς
1852 3100 2281 3204 Αἰγύπτιοι.

409 3313 506 3384 Vt
570 3308 900 3406 Aeschyli
961 3338 1227 3389 versum
1291 3313 1587 3386 afferunt
1639 3313 1859 3387 schol.
1917 3310 2270 3411 Aristoph.
2299 3310 2412 3400 ⁸ad
2463 3315 2530 3383 N
2534 3314 2647 3384 uh.

411 3416 636 3487 1128.
662 3419 885 3492 schol.
924 3421 1083 3492 cod.
1126 3420 1321 3491 Med.
1359 3421 1450 3491 ad
1487 3418 2146 3503 'rheam-„Adonim
2175 3417 2298 3497 48.
2340 3417 2411 3483 in
2441 3418 2648 3501 War-

408 3523 555 3590 toni
579 3522 922 3595 Emendd.
965 3524 1305 3595 editorum
1344 3523 1560 3596 schol.
1609 3523 1698 3590 Τ.
1732 3523 1796 3590 1.·
1827 3545 1899 3615 p.
1929 3520 2102 3591 205.
2147 3529 2215 3588 et
2260 3520 2421 3588 inde
2456 3519 2648 3610 apud

405 3624 650 3695 Valck.
678 3626 770 3694 ad
800 3626 1132 3697 Adoniaz.
1183 3650 1256 3718 p.
1286 3622 1460 3699 356.
1497 3634 1568 3692 et
1605 3625 1745 3693 sine
1768 3624 2042 3702 nomine
2073 3623 2361 3707 auctoris
2399 3621 2643 3713 Steph.

320 3744 324 3751 ⁴
406 3727 578 3818 Byz.
623 3731 694 3798 in
732 3753 798 3804 v.
838 3731 1261 3823 Αἴγυπτος..
1308 3726 1707 3823 Apostolius
1736 3726 1858 3796 vl.
1899 3725 2020 3796 94.
2067 3727 2325 3799 Zenob.
2364 3726 2486 3795 111.
2518 3725 2642 3811 δῖ.

406 3833 598 3924 apud
609 3856 832 3922 quem
859 3836 1239 3908 πλέκοιντο
1266 3826 1591 3930 μηχαναὶ
1622 3832 1970 3922 scriptum,
2021 3828 2485 3922 Diogenianus
2516 3830 2641 3921 IV·

405 3932 528 4004 35.
589 3936 710 4005 ubi
761 3936 1045 4011 πλέκειν
1085 3930 1181 4010 vo*
1195 3984 1217 4021 ‚
1286 3936 1529 4007 Suidas
1572 3934 1644 4001 in
1684 3933 1827 4004 hoc
1866 3935 2019 4026 ipso
2067 3933 2476 4025 proverbio,
2524 3926 2650 4001 nbi

406 4038 566 4107 edd.
596 4039 884 4108 Mediol.
912 4040 1076 4109 Ald.
1107 4066 1228 4112 τοι
1246 4087 1268 4125 ,
1321 4039 1443 4109 sed
1478 4040 1634 4107 Bas.
1668 4039 1854 4107 Port.
1883 4038 2077 4107 Kust.
2119 4035 2443 4107 Schottus
2472 4029 2639 4117 τᾶς,

406 4151 474 4209 et
521 4142 617 4210 sic
653 4143 981 4213 Schottus
1048 4142 1251 4211 etiam
1303 4141 1393 4211 ad
1435 4141 1668 4232 Adag.
1716 4163 1789 4233 p.
1832 4139 2005 4219 340.
2057 4148 2126 4208 et
2171 4141 2370 4226 alibi,
2437 4149 2643 4233 atque

400 4245 726 4313 Kusterus
794 4246 888 4317 ad
961 4245 1245 4318 Thesm.
1316 4244 1491 4315 929.
1560 4267 1768 4334 quam
1831 4242 2350 4319 ‚adnotationem
2425 4232 2638 4332 quum

396 4349 774 4418 Brunckius
815 4350 948 4418 suis
987 4348 1394 4439 inseruisset,
1444 4350 1513 4417 in
1548 4347 1881 4421 addendis
1926 4348 2015 4420 ad
2048 4372 2106 4419 v.
2141 4347 2314 4431 922.
2355 4347 2640 4431 monuit,

398 4474 659 4525 versum
694 4453 1031 4544 Aeschyli
1071 4476 1261 4538 esse,⁴
1297 4453 1818 4546 legendumque
1850 4481 1993 4531 τοι.
