3325 5317
1136 475 1788 541 DISSERTATIO.
2457 425 2617 544 zm*

333 673 415 720 re
445 649 757 742 cognita,
809 649 1024 722 eiecta
1068 658 1167 720 est
1210 650 1279 719 in
1324 649 1529 735 cista,
1577 649 1625 718 i.
1658 674 1718 719 e.
1751 647 2041 741 suspecti
2071 649 2141 717 in
2178 671 2422 720 navem
2452 651 2585 720 im·-

263 781 266 788 ·
333 754 578 847 positi,
632 763 701 822 et
739 756 819 823 in.
864 754 1163 823 exsilium
1201 754 1354 824 acti.
1457 751 1776 822 Delatam
1813 754 2037 823 navim
2092 753 2184 821 ad
2227 756 2583 853 Σέριφον,

339 856 708 944 corruam,
792 860 1035 949 (quae,
1116 858 1241 927 nisi
1282 857 1492 925 fallor
1540 880 1584 925 a
1639 855 1860 930 σείειν
1917 865 1987 925 et
2036 855 2322 953 ῥίπτειν
2381 857 2584 943 dicta,

336 960 529 1050 quasi
585 969 803 1029 terrae
846 972 1038 1030 motu
1078 961 1394 1054 proruta)
1444 960 1629 1052 cepit
1673 958 1983 1048 Δίκτυς,
2035 960 2310 1046 notius,
2377 961 2588 1030 frater

335 1064 521 1157 regis
572 1066 1085 1155 Πολυδέκτου,
1150 1061 1533 1154 Accipitri&
1648 1063 1928 1131 Piratas·
1952 1062 2274 1155 intelligi,
2342 1065 2457 1134 vel
2504 1086 2588 1133 ex

336 1163 449 1235 his
485 1167 637 1236 satis
672 1168 933 1237 clarum
974 1176 1103 1249 est3
1163 1169 1383 1259 magis
1428 1168 1632 1235 etiam
1681 1189 1764 1234 ex
1802 1167 1879 1234 iis
1893 1215 1915 1252 ‚
1977 1188 2155 1256 quae
2197 1177 2584 1256 sequuntur.

336 1272 516 1339 Nam
581 1294 814 1339 amore
869 1271 1146 1339 Danaae
1199 1282 1437 1361 captus
1501 1269 1912 1361 Polydectes
1929 1318 1950 1355 ‚
2035 1293 2244 1358 quum
2264 1319 2286 1356 ‚
2320 1315 2323 1324 ·
2353 1272 2586 1340 adulto

337 1375 589 1443 Perseo
607 1423 627 1459 ,
678 1374 888 1465 potiri
937 1365 1019 1444 ea
1057 1397 1196 1443 non
1249 1382 1517 1467 posset,
1585 1373 1970 1444 convocatis
2026 1374 2290 1458 amiciS‚
2366 1384 2442 1443 ut
2495 1375 2587 1443 ad

344 1478 785 1547 celebrandas
822 1478 1086 1569 nuptias
1115 1475 1676 1570 Ἱπποδαμείας,
1730 1477 2167 1562 Vedomnae‚
2219 1477 2405 1546 filiae
2441 1480 2586 1550 Οἱ...

336 1576 658 1674 νομοίου,
710 1581 1073 1668 Vindemii,
1127 1581 1512 1671 symbolam
1539 1580 1945 1665 conferrent,
1996 1603 2209 1670 equos
2243 1582 2330 1664 ab
2364 1582 2588 1648 omni-

336 1684 466 1752 bus
528 1686 790 1777 exegit:
851 1707 1024 1775 quos
1078 1686 1363 1754 Perseus
1425 1707 1633 1773 quum
1697 1684 1862 1753 dare
1902 1684 2154 1770 nollet,
2225 1684 2590 1775 postulavit

337 1787 744 1877 Polydectes
801 1790 891 1857 ab
947 1811 1065 1874 eo,
1142 1797 1251 1874 ut,
1320 1790 1642 1878 quoniam
1686 1811 1760 1857 se
1810 1789 1921 1856 vel
1976 1796 2185 1879 caput
2237 1788 2586 1880 Gorgonis

339 1891 701 1961 allaturum
743 1893 1082 1978 iactasset,
1148 1901 1352 1961 staret
1392 1892 1733 1985 promissis
1750 1939 1773 1977 ‚
1861 1900 1930 1960 et
1975 1891 2050 1959 id
2100 1901 2585 1982 exsequeretur.

337 1994 444 2063 Ita
485 1995 605 2064 ille
650 1996 1042 2065 necessitate
1090 2005 1361 2065 coactus
1374 2044 1396 2081 ‚
1469 2019 1679 2085 quum
1725 1996 2012 2066 ducibus
2055 1995 2295 2065 Graeis
2339 2018 2588 2087 perve-
2681 1991 2686 1998 ’

337 2098 539 2166 nisset
579 2099 670 2166 ad
714 2099 1078 2190 Gorgones
1093 2146 1116 2185 ‚
1162 2101 1417 2190 potitus
1456 2122 1636 2189 equo
1679 2100 1949 2191 Pegaso
1966 2149 1987 2186 ‚
2040 2098 2158 2188 qui
2191 2121 2286 2174 ,ex
2324 2099 2587 2170 cervice

338 2202 605 2272 occisae
641 2201 978 2271 Medusae
1021 2203 1460 2293 prosiluerat‚
1515 2203 1586 2270 in
1616 2201 2061 2293 Aethiopiam
2105 2203 2430 2288 avolavit,
2480 2202 2589 2269 in-

234 2378 238 2382 ,
335 2304 743 2373 sectantibus
790 2305 1267 2399 Gorgonibu53
1329 2307 1751 2395 liberataque
1787 2306 1884 2375 ibi
1922 2304 2368 2375 Andromeda
2387 2354 2408 2391 ‚
2472 2327 2587 2373 re-

338 2407 483 2475 dux
520 2406 612 2475 ad
652 2407 1038 2499 Seriphios‚
1090 2432 1301 2498 quum
1329 2410 1426 2478 ibi
1454 2418 1744 2480 matrem
1786 2409 2068 2477 Danaen
2108 2417 2177 2477 et
2203 2409 2454 2498 Dictyn
2495 2407 2594 2475 ad-

313 2531 489 2579 ·aras
543 2511 864 2579 auxilium
912 2511 1200 2582 deornm
1251 2512 1568 2583 adversus
1614 2513 1754 2582 vim
1808 2521 1877 2581 et
1928 2512 2318 2580 violentiam
2372 2511 2590 2601 Poly-

339 2613 583 2682 dectae
632 2614 1072 2706 implorantes
1136 2616 1488 2685 invenisset
1501 2664 1523 2701 ‚
1610 2625 1873 2686 ostenso
1931 2615 2157 2706 eapite
2217 2616 2590 2707 Gorgoni&

340 2715 696 2810 Seriphios
735 2719 806 2786 in
848 2719 1117 2810 lapides
1167 2719 1661 2790 transformavit
1675 2768 1696 2805 ‚
1774 2741 2130 2812 regnoque
2174 2719 2402 2809 Dictyi
2446 2728 2590 2786 tra-

340 2819 489 2888 dito
502 2868 523 2906 ‚
593 2844 751 2892 cum
811 2832 1028 2892 matre
1079 2823 1318 2892 Danae
1379 2832 1449 2892 et
1505 2823 1952 2893 Andromeda
2012 2826 2243 2914 Argos
2299 2822 2591 2914 repetiit.

343 2924 556 2992 Plana
618 2925 736 2995 hic
808 2926 1053 2994 omnia.
1183 2927 1455 2996 Fratres
1508 2921 1672 2995 ¹sunt
1727 2927 1964 3017 Dictys
2034 2935 2104 2995 et
2160 2926 2592 3017 Polydecte&

342 3029 502 3115 quia
550 3030 756 3121 ambo
803 3029 1220 3120 praedones:
1297 3023 1421 3099 sed
1477 3031 1649 3110 alter
1709 3039 1984 3123 ceperat
2037 3052 2312 3111 navem3
2396 3022 2590 3115 alter,

345 3130 487 3199 dux
537 3133 999 3224 praedonum,
1075 3134 1203 3202 sibi
1266 3155 1446 3203 eam'
1475 3134 1901 3219 vindicabat,
1982 3133 2075 3201 ad
2125 3156 2199 3202 se
2251 3134 2591 3224 pertinere

342 3233 643 3304 fructum
699 3245 1026 3328 capturae
1086 3247 1300 3306 ratus:
1374 3237 1498 3306 sed
1556 3240 1902 3308 metuebat
1961 3246 2187 3306 tamen
2242 3238 2589 3322 Perseum,

340 3336 383 3405 i.
430 3361 491 3407 e.
551 3340 937 3431 navigantes
952 3390 973 3427 ‚
1047 3353 1284 3432 captos
1331 3362 1487 3410 cum
1534 3342 1711 3415 navi.
1814 3340 2109 3410 Adultus
2152 3340 2271 3410 hic
2320 3341 2587 3424 dicitur,
2628 3371 2653 3407 s

342 3441 534 3530 quod
578 3443 696 3532 qui
735 3466 893 3513 cum
919 3445 1234 3515 fluctibus
1268 3446 1725 3524 conflictantes
1765 3444 1969 3514 facile
2011 3444 2167 3534 capi
2204 3452 2587 3533 potuerant,

344 3546 587 3614 servati
633 3569 673 3615 e
724 3548 894 3615 mari
933 3548 1152 3639 magis
1210 3556 1398 3616 erant
1445 3548 1550 3629 ad,
1578 3548 2025 3617 resistendum
2076 3546 2324 3614 idonei.
2425 3547 2589 3614 Hoc

341 3660 532 3718 metu
573 3657 651 3718 ut
688 3659 761 3718 se
795 3650 1116 3719 liberaret
1155 3651 1566 3742 Polydectes
1580 3700 1600 3736 ‚
1671 3650 2171 3741 expeditionem
2211 3647 2447 3717 indicit
2494 3649 2587 3718 ad

343 3752 578 3821 vinum
628 3752 1050 3823 afferendum
1063 3776 1116 3840 3]
1150 3754 1522 3852 piratisque
1580 3755 1888 3822 omnibus
1937 3775 2136 3822 naves
2193 3754 2590 3843 apparanti-

253 3871 260 3880 “
343 3854 473 3930 bus
490 3903 513 3941 ‚
572 3858 909 3943 Perseus,
990 3858 1132 3928 sive
1177 3859 1525 3950 peregrini
1563 3857 1701 3942 illi,
1783 3858 2026 3947 quibus
2063 3855 2390 3947 adempta
2447 3866 2612 3950 erat,

340 3959 526 4027 navis
542 4007 563 4044 ‚
627 3960 759 4050 ipsi
811 3984 1087 4051 quoque
1136 3961 1363 4030 vinum
1410 3984 1739 4050 quaerere
1781 3959 2124 4052 cupientes
2141 4007 2162 4045 ‚
2215 3983 2426 4049 quum
2461 3985 2592 4054 per

227 4143 232 4146 v
341 4061 709 4132 ludibrium
751 4065 1142 4134 iuberentur
1180 4066 1320 4133 sine
1360 4065 1516 4132 navi
1557 4088 1748 4134 mare
1781 4066 2086 4133 traiicere
2099 4112 2121 4149 ‚
2173 4066 2397 4134 conati
2450 4088 2590 4135 non

340 4164 555 4234 modo
603 4167 819 4236 undas
872 4168 963 4235 ad
1005 4169 1186 4236 littus
1231 4175 1617 4259 spumantes
1634 4215 1656 4252 ‚
1746 4168 1868 4237 sed
1934 4169 2138 4235 etiam
2192 4170 2588 4239 remotiores

337 4268 584 4339 fluctus
631 4270 928 4339 natando
982 4294 1301 4362 superare
1314 4319 1337 4356 ‚
1415 4271 1690 4341 devicto
1740 4272 2026 4341 adverso
2074 4294 2312 4341 eorum
2365 4295 2585 4350 cursu,

340 4372 496 4441 navi
510 4420 541 4470 ³,
600 4396 777 4462 quae
819 4375 891 4443 in
932 4376 1103 4443 mari
1152 4374 1506 4444 stationem
1543 4374 1848 4445 habebat
1865 4429 1886 4467 ‚
1947 4373 2327 4466 potiuntur,
2380 4384 2450 4445 et
2488 4375 2585 4444 sic

336 4476 490 4546 vela
534 4476 734 4566 dant,
800 4488 1007 4570 atque
1043 4476 1487 4571 Aethiopiam
1523 4487 1781 4572 petunt.
1906 4478 1989 4548 In
2042 4478 2414 4571 Aethiopia
2463 4501 2577 4548 re-
2593 4488 2678 4551 15

3284 3859 3293 4156 -*A..-—?..-..⁴-..-.—ffl
3292 3829 3293 3834 Α
3285 3667 3293 3776 ..Α-μμ
