3325 5317
696 454 829 518 ιιι
1038 430 1043 439 ’
1371 446 1485 509 nr:
1537 443 2278 508 conros1r1onr:

700 644 913 713 quum
952 641 1081 690 nec
1124 619 1215 689 de
1258 623 1485 712 primo
1528 618 1651 689 illo
1666 666 1691 705 ,
1756 640 1962 710 quem
2003 626 2423 688 commentus
2463 625 2597 702 est,
2645 616 2939 687 Prome·

700 725 869 797 theo
908 745 1015 792 res
1054 734 1239 793 certa
1274 725 1356 792 sit
1370 772 1392 808 ,
1441 723 1808 816 igniferum
1855 730 2083 790 autem
2125 722 2244 791 alii
2278 721 2594 814 trilogiae
2629 719 2939 790 additum

702 829 906 899 fuisse
944 826 1250 897 constet?
1298 828 1454 896 Non
1498 828 1789 911 cautius,
1836 825 2047 895 immo
2077 826 2284 894 etiam
2315 826 2657 916 aliquanto
2696 824 2938 894 incon·-

702 929 1051 1001 sideratius
1096 930 1270 1000 illud
1310 930 1610 1023 scripsit,
1677 930 1964 1021 Septem
2004 927 2098 997 ad
2140 928 2425 998 Thebas
2475 927 2777 998 medium
2816 949 2942 996 cu-

702 1033 989 1126 iuspiam
1028 1034 1347 1126 trilogiae
1399 1034 1630 1105 locum
1673 1032 1998 1118 tenuisse,
2073 1031 2145 1099 in
2180 1055 2319 1121 qua
2358 1031 2486 1100 sint
2517 1030 2636 1120 qui
2667 1030 2940 1099 tertium

703 1138 937 1208 locum
992 1136 1327 1229 Epigonis
1388 1138 1717 1207 tributum
1771 1135 1974 1207 fuisse
2043 1145 2301 1226 putent.
2419 1134 2662 1203 Verius
2742 1132 2939 1219 illud,

705 1239 831 1309 sed
868 1260 1006 1307 non
1043 1241 1197 1309 satis
1242 1239 1582 1341 explicate
1632 1251 1701 1307 et
1747 1239 1874 1307 isto
1918 1239 2077 1308 loco
2118 1248 2188 1307 et
2225 1261 2299 1330 p.
2343 1235 2469 1307 78.
2512 1236 2717 1321 dixit,
2767 1237 2941 1327 Psy-

704 1341 1107 1415 chostasiam
1165 1353 1430 1437 partem
1495 1344 1700 1412 fuisse
1760 1342 2078 1434 trilogiae
2124 1340 2196 1411 in
2244 1340 2493 1410 eodem
2535 1349 2942 1434 argumento

704 1446 1045 1516 versantis.

914 1595 1393 1684 Quaerendum
1435 1606 1579 1666 erat
1624 1595 1837 1682 enim,
1918 1619 2003 1663 an
2049 1596 2251 1666 etiam
2304 1594 2472 1664 duas
2534 1593 2943 1688 tragoedias,

705 1725 885 1793 quae
941 1689 1343 1793 argumento
1395 1699 1871 1780 cohaererent,
1932 1699 2284 1767 iunxissem
2323 1706 2609 1790 poetae,
2677 1699 2941 1766 tertiam
3027 1750 3034 1755 -

708 1814 934 1874 autem
981 1802 1393 1870 addidissent
1432 1802 1620 1871 nulla
1669 1800 1990 1872 cumillis
2039 1802 2418 1922 argumenti
2466 1790 2944 1870 communitate

705 1928 969 1975 nexam.
1070 1906 1180 1975 Ac
1225 1904 1517 1995 potuisse
1562 1904 1637 1972 id
1681 1927 1802 2009 eos
1834 1903 2098 1991 facere,
2166 1905 2312 1995 quis
2361 1903 2616 1996 neget?
2698 1902 2844 1973 Sed
2888 1903 2944 1972 si

696 1994 1051 2093 fecerunt,
1119 2006 1454 2076 lubentius
1515 2028 1633 2077 eos
1700 2019 1767 2077 et
1827 2008 2088 2101 saepius
2147 2007 2424 2078 credam
2465 2006 2832 2078 secundam
2876 2012 2944 2075 et

705 2112 975 2181 tertiam
1004 2111 1464 2203 tragoediam,
1514 2135 1720 2200 quam
1748 2113 2038 2203 primam
2079 2120 2146 2179 et
2173 2110 2537 2180 secundam
2577 2110 2945 2181 cohaerere

705 2215 1014 2284 voluisse.
1119 2214 1359 2284 Primis
1395 2215 1572 2286 enim
1617 2215 1880 2283 duabus
1917 2214 2348 2307 tragoediis
2327 2237 2398 2282 ιιι
2444 2213 2694 2283 eodem
2733 2237 2945 2305 argu

705 2328 936 2388 mento
984 2318 1426 2403 versantibus,
1503 2327 1915 2409 spectatores
1976 2318 2177 2386 etiam
2226 2317 2492 2386 tertiam
2548 2316 2640 2386 de
2703 2315 2941 2423 eadem

708 2445 786 2491 re
839 2421 1137 2491 futuram
1203 2431 1624 2514 exspectant.
1707 2421 1945 2510 quibus
1992 2444 2131 2489 non
2176 2430 2405 2512 potest
2456 2430 2730 2513 gratum
2788 2443 2945 2506 esse,

711 2525 767 2593 si
814 2524 964 2593 falli
1021 2547 1093 2596 se
1135 2524 1422 2593 videant.
1536 2525 1856 2594 Secunda
1897 2546 2061 2594 vero
2115 2533 2184 2593 et
2242 2524 2439 2593 tertia
2481 2523 2838 2616 tragoedia
2891 2523 2948 2592 si

713 2627 1118 2716 cohaerent,
1197 2650 1336 2696 non
1391 2620 1756 2714 falluntur,
1838 2628 1999 2719 quia
2050 2627 2308 2696 nullam
2362 2627 2652 2718 amplius
2704 2649 2945 2718 exspe-

714 2731 1030 2802 ctandam
1079 2730 1314 2799 sciunt.
1436 2730 1866 2822 Quamquam
1915 2754 2051 2799 non
2095 2730 2554 2800 contenderim
2572 2780 2594 2817 ,
2660 2752 2795 2823 pro
2837 2753 2948 2797 ar·-

713 2843 1194 2927 gumentorum
1231 2834 1616 2904 conditione
1646 2857 1783 2933 non
1820 2835 2114 2927 potuisse
2151 2834 2492 2902 interdum
2538 2835 2744 2903 etiam
2776 2831 2948 2901 illud

716 2935 931 3030 aptius
977 2938 1227 3020 videri,
1307 2937 1360 3006 si
1411 2936 1606 3007 tertia
1653 2935 2014 3033 tragoedia
2070 2960 2315 3006 novam
2370 2924 2518 3005 rem
2554 2937 2624 3004 in
2682 2959 2948 3006 scenam

717 3039 1012 3109 afferret.
1128 3041 1461 3109 Videntur
1511 3050 1771 3127 autem,
1853 3042 1974 3110 nisi
2033 3041 2313 3133 quidem
2377 3035 2636 3109 indicia
2682 3041 2944 3125 fallunt,

715 3142 994 3212 inveniri
1054 3144 1367 3234 exempla
1413 3144 1748 3233 quaedam
1799 3153 2351 3237 argumentorum
2408 3166 2537 3235 per
2592 3143 2759 3212 duas
2798 3154 2949 3212 tan-

714 3254 862 3313 tum
908 3242 1175 3311 fabulas
1233 3247 1806 3315 continuatorum:
1888 3248 2263 3316 cuiusmodi
2311 3257 2462 3315 sunt
2511 3268 2597 3315 ex
2639 3240 2948 3338 Aeschy-

714 3347 840 3520 ξιξ
870 3346 1018 3517 ᾶιὲο
1057 3338 1486 3437 Promethei,
1553 3371 1636 3417 ac
1678 3351 2039 3459 Supplices
2085 3361 2156 3419 et
2208 3349 2567 3419 Danaides·
2671 3351 2818 3421 Sed
2859 3350 2949 3483 de

654 3461 658 3467 ’
868 3474 939 3520 ιιι
969 3473 1072 3525 r,a

667 3614 715 3676 ἵ
927 3603 1354 3681 Veniendnm
1374 3611 1474 3675 est
1503 3603 1681 3677 enim
1713 3605 1803 3675 ad
1833 3606 2322 3678 tractationem
2401 3605 2495 3681 Et
2525 3628 2955 3697 quamquam,

721 3708 915 3797 quod
960 3709 1266 3805 singulae
1301 3731 1599 3779 seorsum
1634 3710 2030 3803 tragoediae
2074 3709 2423 3783 habebant
2463 3721 2955 3832 argumentum,

723 3811 819 3881 ita
850 3811 1151 3883 debebat
1164 3823 1653 3905 comparatum
1689 3837 1864 3900 esse,
1914 3824 2002 3883 ut
2019 3814 2218 3885 etiam
2264 3813 2488 3902 ipsum
2530 3835 2661 3905 per
2700 3837 2774 3883 se
2807 3815 2954 3885 ani-

721 3935 872 3984 mos
919 3925 1373 4006 spectatorum
1409 3917 1754 3989 retineret:
1837 3926 2062 3987 tamen
2067 3965 2099 4001 ,
2177 3915 2297 3983 nisi
2351 3938 2506 3987 mea
2560 3941 2673 3989 me
2721 3916 2954 3989 conie-

725 4027 918 4086 ctura
948 4018 1158 4104 fallit,
1209 4019 1410 4088 etiam
1441 4019 1627 4090 aliud
1657 4019 1826 4109 quid
1857 4020 2352 4111 requirebatur,
2402 4029 2479 4088 ut
2506 4028 2642 4088 tres
2676 4022 2965 4114 tragoe-

725 4119 882 4191 diae
912 4142 1059 4188 sese
1100 4121 1416 4214 deinceps
1461 4124 1866 4215 excipientes
1906 4147 1987 4194 ea
2031 4145 2188 4191 cum
2229 4122 2591 4192 attentione
2637 4147 2721 4194 ac
2758 4124 2953 4195 volu-

721 4231 914 4317 ptate
979 4225 1268 4315 spectari
1318 4235 1629 4317 possent,
1715 4226 1826 4297 cui
1879 4225 2289 4303 ,excitandae
2352 4247 2636 4317 operam
2696 4226 2957 4298 dedisse

723 4335 960 4419 poetas
977 4378 998 4415 ‚
1062 4329 1454 4421 praesertim
1496 4330 1613 4420 qui
1655 4329 1747 4400 de
1789 4330 2068 4401 victoria
2117 4339 2638 4416 concertarent„
2666 4330 2956 4400 maxime

727 4438 1246 4501 cousentaneum
1285 4437 1402 4500 est.
1503 4431 1587 4502 Id
1620 4442 1845 4504 autem
1866 4481 1889 4520 ,
1938 4434 1993 4504 si
2023 4432 2190 4525 quid
2223 4432 2459 4524 video,
2505 4434 2580 4509 in
2609 4455 2697 4505 eo
2738 4433 2955 4507 debe-
