3325 5317
766 504 903 570 823
1529 497 1644 561 ns
1689 495 2180 562 assonat
2309 566 2318 575 ‚

772 698 940 744 naus
989 697 1133 744 esse
1171 681 1431 766 potest:
1494 682 1636 742 non
1679 671 1858 741 enim
1901 673 1978 740 in'
2013 669 2217 742 huius
2261 668 2587 758 domum',
2651 670 2786 744 sed'
2822 695 2908 743 ex
2941 697 3026 741 ea

646 867 656 877 ἱ
778 777 1222 849 deducendae
1271 786 1463 846 erant
1502 798 1826 868 sponsae:
1903 797 2126 864 neque
2170 798 2335 845 vero
2379 777 2768 869 Aegyptus:
2837 799 3020 859 nam,

781 894 853 951 ut
890 882 959 950 in
988 881 1123 971 illis
1153 881 1361 967 fuerit
1380 917 1385 923 ,
1405 879 1720 965 Ovidius,
1772 878 1890 969 qui
1933 877 2120 951 hunc
2148 881 2377 973 Argos
2419 882 2678 948 venisse
2717 879 3023 950 tradide-

781 996 970 1070 runt,
1023 992 1091 1052 at
1121 985 1308 1052 nullo
1338 984 1550 1053 modo
1584 1006 1743 1061 eum
1779 983 2006 1075 potuit
2029 985 2264 1075 magni
2291 984 2552 1074 tyranni
2577 983 2851 1052 nomine
2893 981 3024 1051 de·-

764 1080 1087 1182 'signare‚
1160 1110 1335 1177 quae
1393 1110 1532 1156 non
1604 1096 1833 1179 potest
1888 1074 2082 1155 alius·
2110 1092 2317 1177 q‘uam
2367 1087 2783 1178 Argivorum
2840 1087 3023 1178 regis

785 1215 925 1261 esse
975 1193 1365 1284 appellatio.
1482 1191 1672 1260 Tum
1749 1190 1928 1279 quis·
1961 1201 2101 1259 tam
2173 1190 2596 1282 ineleganter
2664 1190 3022 1280 loquutum

682 1320 685 1325 ⁴
785 1295 1021 1365 credat
1072 1292 1394 1365 Ovidium
1414 1342 1436 1380 ‚
1514 1288 1623 1379 ιη’,
1691 1316 1903 1384 quum
1959 1292 2091 1363 sub
2150 1300 2342 1363 tecta
2394 1294 2679 1383 tyranni
2728 1294 3021 1376 dixisset,

785 1399 1036 1481 deinde
1107 1398 1373 1493 accipit
1441 1398 1629 1467 aede
1683 1396 2059 1468 adiecerit?
2136 1395 2329 1467 Nihil
2392 1397 2707 1469 sincerius
2753 1397 3023 1486 antiqua

787 1502 1147 1595 scriptura:
2293 1524 2298 1531 ·

990 1652 1322 1735 ducimur
1357 1653 1748 1725 Inachides
1783 1657 2044 1750 magni
2083 1654 2215 1726 sub
2260 1662 2450 1726 tecta
2491 1653 2825 1748 Pelasgi,

1168 1766 1237 1826 et
1290 1777 1495 1827 socer
1550 1767 1883 1828 amiatae
1928 1761 2190 1854 accipit
2234 1761 2357 1831 ille
2405 1777 2643 1834 nurus

781 1909 1113 1980 Nimirum
1166 1908 1309 1982 hoc
1352 1910 1531 1998 vult,
1587 1913 1747 2003 quia
1792 1936 1932 1983 non
1971 1912 2204 1983 aderat
2242 1914 2448 2006 Argis
2489 1910 2881 2005 Aegyptus.
2930 1909 3052 1999 ad⁴

782 2014 965 2107 regis
1010 2015 1284 2107 Pelasgi
1325 2013 1606 2085 domum
1658 2016 1984 2089 deductas
2025 2040 2172 2087 esse
2216 2019 2518 2110 puellas,
2569 2026 2640 2086 et
2677 2015 2867 2084 hunc
2907 2037 3018 2082 eas

780 2117 1000 2189 soceri
1047 2118 1285 2188 officio
1346 2118 1743 2213 fungentem
1792 2122 2155 2213 accepisse.
2258 2123 2364 2191 Ac
2404 2121 2703 2214 priorem
2739 2117 3018 2209 quidem

780 2243 1047 2291 versum
1100 2232 1289 2292 recte
1328 2223 1464 2292 iam
1516 2235 1754 2295 auctor
1799 2216 2099 2294 Elector.
2151 2224 2366 2294 Eton.
2419 2224 2520 2293 ita·
2545 2225 3016 2317 interpretatus

783 2333 883 2395 est
896 2372 919 2410 ‚
971 2323 1064 2393 ad
1101 2324 1432 2417 Aeschyli
1465 2327 1834 2419 Supplices*
1861 2330 2235 2420 'respexisse
2261 2327 2583 2399 Ovidium
2628 2337 2831 2396 ratus.
2894 2324 3020 2394 Est

781 2451 943 2498 sane
975 2427 1119 2498 hoc
1149 2429 1489 2500 inventum
1534 2430 1899 2517 eiusmodi,
1950 2442 2062 2517 ut,
2113 2433 2434 2520 quoniam
2478 2429 2857 2520 exquisitius
2899 2435 3019 2515 est,

780 2533 1071 2624 petitum
1123 2532 1438 2605 alicunde
1500 2534 1714 2603 videri
1771 2534 2042 2608 debeat.
2162 2537 2320 2604 Non
2376 2544 2521 2604 erat
2570 2544 2797 2603 tamen
2862 2531 3020 2600 satis

781 2635 1029 2703 idonea
1073 2658 1304 2714 caussa
1343 2639 1923 2707 commemorandi
1952 2639 2262 2731 Pelasgi,
2314 2638 2503 2728 quod
2538 2639 2593 2706 is
2625 2638 2696 2706 in
2731 2634 3018 2727 Suppli-

726 2763 733 2769 ·
783 2739 973 2809 cibus
1018 2738 1342 2830 Aeschyli
1398 2749 1542 2810 tum
1584 2741 1792 2833 Argis
1835 2765 2143 2837 regnasse
2193 2741 2411 2811 (lictus
2447 2751 2656 2826 esset,
2718 2740 2840 2809 nisi
2878 2742 3019 2808 Ae-

783 2839 1056 2931 schylus
1095 2842 1412 2923 eumdem
1441 2845 1640 2913 etiam
1682 2846 1751 2913 in
1778 2844 2193 2915 Danaidibus
2215 2857 2298 2939 ‘ut
2340 2866 2574 2937 regem
2604 2844 3017 2936 Argivorum
3071 2860 3072 2863 ’

782 2942 1267 3014 introduxisset.
1370 2949 1548 3017 Nam
1593 2949 1691 3019 sic
1732 2948 2011 3018 demum
2060 2956 2245 3017 re‘cte
2300 2948 2642 3038 docteque
2683 2945 3017 3037 scripsiffie

786 3045 1072 3117 Ovidius
1099 3050 1471 3119 censendus
1514 3061 1631 3120 est.
1736 3052 1918 3137 Quin
1959 3051 2133 3120 iilud
2182 3052 2437 3144 ipsum,
2486 3051 2678 3141 quod
2717 3050 2837 3119 hic
2862 3060 3018 3118 n'ar-

785 3159 892 3217 rat
907 3196 929 3233 ,
995 3151 1066 3218 in
1109 3151 1382 3242 Pelasgi
1424 3155 1687 3245 regiam
1733 3155 2061 3243 deductas
2112 3174 2257 3224 esse
2302 3156 2566 3247 puellas
2582 3204 2602 3240 ‚
2678 3164 2751 3223 et
2797 3156 2885 3222 ab
2903 3164 3011 3220 ‘eo

789 3251 1016 3319 soceri‘
1049 3252 1199 3321 vice
1238 3248 1617 3345 exc‘epta5‚'
1652 3280 1737 3325 ex
1785 3258 2134 3348 Aeschylo
2173 3267 2515 3350 sumptum
2552 3281 2696 3327 esse
2741 3258 2885 3326 veri
2905 3255 3012 3323 ‘si-

741 3353 959 3440 mnile
1001 3363 1155 3423 est-⁴
1221 3357 1377 3424 Non
1428 3368 1656 3426 autem
1706 3358 1885 3430 haec
1929 3372 2119 3447 acta,
2172 3362 2296 3431 sed
2342 3371 2609 3430 narrata
2647 3383 2790 3431 esse
2827 3361 3017 3428 in‘ea

782 3457 1031 3527 fabula
1071 3459 1599 3529 existimandum.
1635 3470 1642 3480 “
1718 3463 1886 3547 Quis·
1929 3465 2105 3533 enim
2161 3465 2370 3535 facile
2414 3466 2543 3533 sibi
2593 3463 3020 3556 persuadeat,

791 3583 1096 3655 pugnam
1115 3612 1136 3648 ‚
1190 3564 1495 3655 nuptias,
1546 3565 1869 3655 caedem,
1903 3568 2255 3639 'iudicium
2292 3579 2751 3661 perpetratae,
2814 3566 3017 3633 inter-

790 3665 1163 3756 missaeque
1200 3668 1450 3739 -caedis
1502 3672 1643 3737 *una
1708 3672 2007 3762 potuisse
2056 3672 2413 3765 tragoedia
2481 3667 3020 3765 comprehendi?

794 3765 1015 3838 lnnno
1036 3770 1210 3839 *satis
1254 3781 1396 3840 erat
1409 3808 1453 3860 ,›
1480 3772 1808 3844 iudicium
1839 3775 2106 3844 institui.

1000 3971 1308 4044 Chorum
1362 3988 1880 4049 consentaneum
1940 3988 2068 4072 est,
2154 3992 2228 4051 ut
2279 3968 2349 4053 in
2392 3981 2872 4075 supplicibuS‚
2939 4001 3020 4048 ex

796 4068 1063 4142 filiabus
1091 4076 1311 4148 Danai
1349 4082 1731 4153 constitisse.
1796 4083 2040 4154 Nescio
2074 4109 2161 4154 an
2195 4110 2279 4155 eo
2310 4089 2640 4178 pertineat
2674 4080 3021 4177 fragmen-

797 4182 945 4245 tum
995 4178 1132 4246 sine
1189 4185 1465 4273 nomine
1508 4187 1787 4256 fabulae
1827 4188 2104 4257 allatum
2159 4211 2200 4257 a
2242 4186 2633 4282 Porphyrio
2693 4189 2762 4256 in
2805 4187 3017 4257 schol.

706 4338 711 4343 .
790 4268 971 4348 Ven'.
1018 4280 1111 4402 affl
1148 4282 1338 4358 Iliad.
1387 4297 1445 4369 ξ.
1490 4289 1663 4358 2⁰⁰.
1707 4315 1779 4383 p.
1824 4290 1996 4360 338.
2036 4317 2096 4360 a.
2150 4291 2414 4387 ὁμόίως
2452 4295 2528 4367 δὲ
2576 4293 2695 4365 καὶ
2727 4284 3018 4379 Αἰσχύ-

766 4384 919 4483 λος
969 4410 1102 4465 τας
1147 4388 1237 4459 ἐν
1271 4383 1496 4486 κύκλῳ
1543 4388 1856 4476 ἑστώσας
1904 4400 1983 4469 ἐν
2041 4391 2375 4495 ἀπείρονι
2424 4390 2746 4494 σχήματί
2801 4418 3022 4491 φησιν

797 4488 1180 4561 ἵστασθαι·
