3325 5317
925 484 1465 581 EPIGHARMI
1522 485 1637 551 ΕΤ
1691 487 2062 555 EVM-1⁴:121.
2475 496 2604 559 291

375 660 456 728 ln
484 660 712 752 priore
743 661 903 731 loco
942 659 1117 786 nihil
1146 659 1237 730 de
1268 656 1486 743 Musis
1517 669 1634 730 aut
1660 660 2014 755 nymphis·
2062 661 2133 730 in
2143 659 2380 784 altero
2425 660 2606 736 haec

374 764 821 833 inveniuntur:
902 756 1222 860 νύμφαι·
1307 767 1385 838 ἐν
1435 766 1804 863 εἶ’ρωνειᾳ,
1870 793 1964 848 ως
2015 758 2195 864 πρός
2262 760 2601 857 αἰπόλον·

374 867 590 962 ἐχρῆν
639 861 778 963 γάρ
831 869 1101 945 auctr,
1156 872 1236 939 αἱ
1283 867 1615 941 Μοῦσαι
1671 871 1736 941 εἰ
1764 861 1871 987 μή
1906 895 2018 953 τις
2017 868 2426 991 περιέργως
2476 869 2607 960 (sic

371 970 801 1037 scribendum
846 991 976 1060 pro
986 971 1416 1090 παρέργως)
1467 996 1599 1050 τας
1648 964 1935 1073 νύμφας
1985 965 2234 1043 α’κούει
2270 964 2603 1053 Μούσας.

374 1069 565 1145 οὕτω
617 1099 756 1169 γαρ
811 1065 1036 1151 αύτας
1087 1078 1160 1145 οἱ
1209 1070 1481 1147 Λυδοὶ
1495 1069 1897 1149 καλοῦσιν.
1963 1072 2151 1142 Τιιιιι
2195 1072 2477 1142 Suidam
2532 1075 2608 1143 ιιι

369 1197 435 1242 v.
491 1170 810 1270 νύμφαν
839 1173 999 1246 καὶ
1065 1180 1144 1247 αἱ
1210 1174 1519 1248 Μοῦσαι
1591 1175 1669 1248 δὲ
1737 1200 1890 1249 υπο
1956 1176 2224 1250 Λυδων
2286 1171 2601 1274 νύμφαι,

369 1301 547 1368 quae
596 1276 836 1346 iisdem
887 1277 1105 1345 verbis
1158 1272 1345 1370 apud
1393 1276 1719 1347 Photium
1767 1279 2103 1371 leguntur.
2218 1279 2312 1348 Et
2374 1280 2606 1371 Hesy-

369 1381 637 1467 chium,
689 1382 807 1471 qui
858 1381 926 1448 in
975 1404 1038 1448 v.
1083 1376 1368 1474 νύμφαι
1417 1382 1544 1449 ita:
1607 1381 1730 1452 καὶ
1782 1382 2092 1465 Μοῦσαι
2144 1381 2358 1472 θεαί,
2427 1384 2601 1453 etin

371 1506 434 1552 v.
467 1481 711 1581 νύμφη
737 1485 868 1568 sic,
921 1478 1040 1555 καὶ
1093 1481 1137 1579 ἠ
1173 1483 1472 1557 Μοῦσα.
1575 1483 1886 1573 Denique
1932 1494 2006 1567 ιιι
2039 1484 2382 1569 ostendat,
2432 1507 2606 1577 pro-

365 1587 593 1678 prium
623 1586 762 1677 hoc
795 1588 1082 1655 fontium
1136 1587 1468 1657 creditum
1509 1608 1684 1672 esse,
1736 1597 1812 1656 ut
1846 1588 2072 1671 divino
2117 1588 2418 1677 quodam
2458 1589 2600 1680 spi-

367 1690 497 1757 ritu
525 1691 780 1758 animos
811 1690 1155 1775 afflarent,
1211 1689 1290 1757 iis
1325 1692 1546 1772 utitur,
1599 1713 1776 1783 quae
1803 1691 1857 1759 1.
1892 1690 1983 1760 H.
2017 1688 2291 1760 Vossius
2326 1691 2414 1759 ad
2441 1693 2604 1762 Vir-

366 1793 516 1885 gilii
541 1795 690 1863 Ecl.
721 1794 872 1861 VII.
910 1791 1029 1859 21.
1084 1792 1336 1877 attulit,
1389 1802 1456 1862 et
1490 1793 1613 1862 illo
1650 1794 1929 1883 quidem
1958 1794 2378 1886 potissimum
2417 1796 2603 1881 loco‚'

367 1920 573 1985 quem
621 1897 676 1964 is
721 1920 804 1966 ex
857 1885 1115 1985 hymno
1170 1897 1473 1986 quodam
1518 1898 1860 1989 Apollinis
1906 1894 2097 1988 apud
2142 1894 2604 1991 Porphyrium

366 1999 456 2066 de
501 2007 692 2066 antro
720 1998 1174 2090 nympharum
1217 2018 1368 2090 cap.
1417 2000 1603 2068 vm.
1655 2021 1728 2090 Ῑι.
1777 1999 1847 2068 8.
1896 2001 2269 2092 adscripsit.
2369 2002 2607 2072 Verba

361 2101 732 2193 Porphyrii
768 2102 945 2172 haec
989 2111 1165 2170 sunt.
1233 2099 1354 2175 ὅτι
1423 2103 1499 2174 δὲ
1563 2104 1685 2177 καὶ
1750 2108 1913 2189 ταῖς
1974 2098 2296 2198 νύμφαις
2341 2101 2604 2179 ἀνετί-

365 2213 600 2277 θεσαν
661 2231 965 2330 αηντρα,
1003 2205 1121 2276 καὶ
1188 2197 1474 2277 τούτων
1534 2197 1861 2297 μάλιστα
1889 2212 2073 2335 '‘z-aie
2126 2206 2447 2296 Ναΐσιν,
2522 2213 2648 2279 αἲ,

365 2304 481 2395 ἐπὶ
532 2307 770 2403 πηγῶν
823 2333 1001 2395 εισι,
1086 2302 1219 2378 κοῖκ
1270 2334 1418 2379 των
1469 2300 1789 2393 ύδοῖτων,
1856 2304 1968 2402 αφ
2069 2304 2169 2380 ὧν
2222 2308 2360 2381 εἰσι
2409 2308 2603 2407 ροαί,

365 2413 637 2499 Names
704 2409 1135 2498 ἐκαλοῦντο,
1206 2412 1416 2500 δηλοῖ
1460 2408 1579 2482 καὶ
1632 2407 1675 2481 ὁ
1728 2413 1826 2491 εἰς
1872 2404 2303 2485 Ἀπόλλωνα
2353 2409 2602 2507 ὕμνος,

364 2515 442 2586 ἐν
476 2507 535 2606 ᾦ
582 2514 901 2607 λέγεται
957 2513 1071 2584 σοὶ
1118 2507 1187 2585 δ
1238 2510 1384 2608 ἄρα
1434 2540 1663 2632 πηγας
1718 2538 1989 2607 νοιρων
2027 2507 2316 2586 ύδατων
2358 2508 2603 2605 τοὶμον

365 2640 699 2708 αντροις,
791 2613 1234 2707 μίμνουσαι,
1319 2614 1518 2739 γαιής
1562 2608 2153 2708 ἀτιταλλόμεναι
2209 2611 2601 2709 πνεύματι,

363 2711 665 2840 Μούσης
717 2721 982 2791 θέσπιν
1023 2722 1089 2798 ἐς
1135 2711 1410 2819 ὀμφήν,
1463 2716 1586 2801 ταὶ
1620 2715 1696 2790 δ’
1728 2715 1908 2814 ὑπὲρ
1939 2714 2156 2798 ουδας
2186 2712 2313 2791 δια
2356 2712 2602 2793 πάντα

366 2812 505 2914 νοῖη
552 2815 892 2944 ρήξασαι,
947 2823 1344 2915 παρέχουσι
1371 2826 1672 2917 βροτοῖς
1702 2821 2055 2944 ἴλυκιραῖν
2083 2818 2399 2918 ῥείθρων
2431 2818 2604 2895 ἁλι-

360 2927 511 3000 πεΐς
557 2918 892 3019 προχοάς.
1012 2924 1319 3014 Hymnus
1371 2922 1520 3009 hic,
1599 2921 1727 2993 nisi
1778 2922 1958 2991 forte
2008 2924 2217 3014 ipsius
2273 2930 2375 2994 'est
2426 2926 2603 2993 Por-

357 3023 612 3115 phyrii,
667 3036 847 3094 certe
877 3028 1043 3093 alius
1077 3038 1175 3094 est
1208 3049 1290 3107 ex
1319 3026 1770 3114 recentiorum
1803 3026 2312 3115 Platonicorum
2341 3027 2601 3111 schola5

359 3137 432 3195 ut
482 3136 549 3196 et
609 3138 898 3209 metrum
953 3130 1484 3220 anapaesticum‚
1564 3152 1704 3221 quo
1756 3138 2058 3219 veterum
2104 3131 2331 3219 nullus
2374 3131 2445 3199 in
2482 3132 2604 3198 tali

357 3253 608 3322 genere
634 3235 968 3325 poematis
1003 3254 1157 3302 usus
1197 3242 1329 3319 est,
1383 3244 1451 3303 et
1476 3233 1827 3327 epitheton
1860 3230 2035 3303 illud
2071 3254 2397 3323 aquarum
2431 3258 2599 3307 νοε-

357 3334 545 3428 ριὸν,
597 3358 736 3425 quo
775 3337 1109 3407 Platonici
1150 3337 1252 3405 illi
1279 3338 1472 3408 nimis
1503 3336 2030 3423 delectabantur,
2084 3337 2395 3408 ostendit.
2470 3337 2599 3407 Vi-

356 3434 556 3505 detur
599 3447 824 3507 autem
865 3442 960 3510 sic
995 3441 1424 3525 scribendum
1470 3465 1611 3561 esse
1656 3438 1802 3512 hoc
1848 3441 2341 3534 fragmentum:

661 3590 777 3668 σοὶ
836 3591 906 3669 δ’
953 3592 1098 3689 ἄρα
1144 3589 1366 3692 πηγρῖς
1397 3619 1666 3692 νοερων
1702 3588 1990 3684 ύροίτοιν
2598 3608 2647 3666 6

661 3723 937 3788 ταμον,
1010 3694 1306 3790 ἄντροις
1354 3690 1807 3789 μίμνουσαι,
1877 3694 2081 3791 γαίης

664 3794 1234 3891 α’τιταλλομεναι
1269 3793 1631 3891 πνεύματι
1669 3792 1972 3894 Μούσης

657 3902 924 3974 θέσπιν
965 3907 1030 3983 ἐς
1062 3895 1343 3996 ὀμφήν·
1409 3900 1533 3974 ταὶ
1575 3898 1651 3974 ὃ
1698 3898 1879 4028 ὑπὲρ
1926 3892 2139 3979 οὖδας

663 3996 790 4074 δια
830 3999 1073 4078 πάντα
1128 3998 1317 4102 νάπη
1363 3998 1700 4101 ρήξασαι,
1755 4000 1870 4076 ἀει
1912 4001 1991 4094 *)

432 4313 490 4384 *)
540 4308 898 4377 Buttmanno
943 4332 1006 4391 p.
1047 4314 1197 4387 490.
1244 4332 1391 4370 non
1415 4308 1760 4389 addendum
1805 4311 1992 4389 fursse
2050 4310 2414 4393 videbantur
2469 4308 2589 4391 αἐί,

350 4394 514 4471 quod
547 4413 758 4461 versus
790 4407 945 4457 esset
973 4398 1407 4476 paroemiacus.
1468 4398 1781 4475 Fortasse.
1832 4398 2014 4479 modo
2056 4405 2412 4481 constaret,
2439 4417 2588 4480 quas

346 4475 450 4537 hic
470 4490 663 4560 poeta
700 4484 879 4542 meni
903 4483 1064 4561 leges
1103 4493 1261 4542 esset
1285 4492 1596 4564 sequutus.
1974 4571 2045 4641 Τ
2098 4570 2148 4637 2
