3325 5317
1297 466 1794 529 PERSIS.
2585 471 2797 545 89·

427 652 896 714 retractaremt
958 640 1151 732 quod
1204 641 1487 732 quidem
1533 640 1629 709 sic
1683 638 1931 709 faciam
1945 687 1966 722 ‚
2031 647 2108 706 ut
2166 659 2303 706 non
2341 647 2481 706 tam
2524 639 2673 706 lau·
2782 662 2787 667 ·

428 747 660 816 dando
718 755 930 838 poeta
986 767 1420 816 commovere
1472 746 1806 814 lectorum
1872 742 2163 826 animm,
2257 765 2462 830 qnam
2533 753 2676 811 arte

431 852 571 920 eius
646 849 1051 941 explicanda
1118 849 1474 917 ostendere
1491 897 1512 932 ‚
1623 845 1789 936 quid
1864 845 1954 912 de
2032 845 2169 915 hac
2233 844 2470 913 fabula
2542 856 2676 914 sta-

427 954 761 1023 tuendum
820 952 941 1036 sit,
1007 951 1335 1020 studeam.
1468 952 1690 1020 Erunt
1754 956 1982 1017 autem
2026 950 2158 1016 tria
2198 948 2398 1016 huius
2438 948 2678 1039 dispu-

428 1040 694 1125 tationis
786 1053 1030 1146 capitaL
1088 1038 1102 1081 ¹
1168 1055 1348 1122 Nam
1420 1063 1487 1122 et
1557 1053 1648 1121 de
1724 1052 2003 1122 consilio
2084 1060 2371 1142 poetae,
2466 1063 2534 1120 et
2591 1052 2679 1119 de

430 1160 811 1229 inventione
890 1156 1269 1252 argumenti
1284 1205 1307 1245 ‚
1395 1166 1463 1225 et
1531 1156 1622 1226 de
1684 1155 1992 1226 dictionis
2038 1155 2389 1225 virtutibus
2445 1154 2680 1225 dicen-

430 1264 598 1332 dum
653 1263 798 1332 erit.

630 1464 713 1532 In
753 1466 1137 1536 universum
1180 1465 1461 1555 quidem
1497 1472 1760 1535 tantum
1801 1466 2025 1551 abest,
2080 1473 2156 1533 ut
2199 1488 2242 1532 a
2290 1464 2678 1535 doctissimo

430 1568 556 1636 illo
597 1568 741 1637 viro
757 1617 778 1654 ,
831 1570 1018 1638 cuius
1044 1571 1456 1638 mentionem
1500 1569 1676 1654 feci,
1730 1570 2112 1638 dissentiam
2128 1617 2148 1653 ‚
2197 1576 2306 1654 ut,
2358 1591 2533 1657 quae
2561 1568 2713 1636 ille.

433 1672 502 1738 in
577 1671 941 1740 Wielandii
1003 1663 1251 1741 Museo
1311 1673 1540 1742 Attico
1607 1671 1743 1740 vol.
1806 1674 1926 1742 lv.
1984 1672 2147 1742 fasc.
2201 1671 2268 1744 1.
2350 1671 2732 1757 disseruit,5

434 1776 768 1866 pleraque
813 1772 1041 1844 omnia
1083 1798 1216 1868 pro
1259 1776 1585 1846 concessis
1633 1775 1878 1845 haberi
1918 1777 2145 1843 velim.
2168 1800 2197 1825 s
2245 1774 2328 1842 In
2367 1773 2475 1842 his
2505 1773 2682 1841 illud

445 1887 576 1962 cst,
629 1879 821 1967 quod
874 1880 1106 1949 scribit
1148 1880 1238 1947 de
1265 1878 1649 1949 Phoenissis
1681 1879 2090 1970 Phrynichi‚
2142 1877 2446 1946 fabulam
2468 1877 2683 1962 illam,

436 2003 613 2071 quae
653 1983 724 2048 in
779 1981 1029 2050 eodem
1072 1984 1459 2051 versabatur
1511 1993 1912 2076 argumento
1927 2031 1949 2068 ‚
2012 1981 2493 2052 Themistoclis
2534 2004 2684 2048 ma-

435 2085 615 2153 xime
660 2105 893 2154 caussa
945 2086 1198 2155 editam
1236 2086 1489 2171 videri,
1552 2086 1672 2174 qui
1717 2095 1785 2154 et
1827 2095 2129 2176 sumptus
2174 2085 2239 2152 ei
2278 2084 2685 2176 praebuerit,

442 2196 513 2256 et
573 2186 699 2255 illo
759 2191 912 2280 ipso
966 2198 1281 2282 tempore
1336 2190 1644 2280 coeperit
1698 2190 1943 2258 civium
1997 2186 2318 2256 invidiam
2378 2187 2685 2289 erperiri.

442 2290 653 2377 Quod
694 2292 748 2359 si
789 2292 940 2381 quis
967 2302 1247 2382 quaerat
1262 2341 1283 2379 ‚
1336 2313 1474 2382 quo
1518 2292 1798 2362 consilio
1849 2291 2228 2382 Aeschylus
2270 2299 2429 2383 post
2457 2289 2685 2380 Phry-

437 2393 719 2464 nich'um
769 2394 957 2463 idem
1007 2405 1481 2489 argumentum
1534 2397 1833 2486 attigerit
1847 2444 1869 2481 ‚
1960 2397 2033 2463 in
2080 2393 2359 2462 historia
2406 2393 2687 2483 quidem

435 2497 614 2564 illius
657 2498 985 2588 temporis
1023 2499 1197 2567 nihil
1242 2508 1373 2585 est,
1424 2499 1606 2566 unde
1659 2498 2115 2569 coniecturam
2152 2497 2382 2566 facere
2437 2496 2685 2587 possis:

442 2600 563 2669 sed
617 2603 740 2691 qui
790 2602 1003 2686 norit,
1086 2609 1338 2693 quanta
1380 2601 1583 2669 fuerit
1637 2611 1999 2692 poetarum
2045 2601 2462 2693 tragicorum
2510 2601 2686 2668 inter

440 2706 626 2797 ipsos
676 2705 1041 2772 aemulatio
1055 2752 1077 2791 ,
1129 2704 1283 2774 satis
1331 2728 1474 2773 esse
1516 2706 1820 2796 putabit,
1887 2705 1941 2772 si
1995 2704 2170 2771 nihil
2217 2704 2336 2772 ille
2396 2703 2688 2771 voluerit

442 2807 624 2874 aliud
644 2855 666 2892 ‚
744 2831 950 2897 quam
987 2831 1309 2900 superare
1368 2809 1681 2901 eiusdem·
1716 2808 1818 2877 rei
1868 2808 2266 2877 tractatione
2319 2807 2686 2893 aemulum,

440 2911 839 3001 praesertim
869 2912 1194 2981 victorem
1224 2913 1346 2980 illa
1377 2911 1611 2980 fabula
1628 2961 1649 2999 ,
1702 2921 1778 2980 ut
1807 2933 1890 2979 ex
1925 2910 2276 2982 Plutarchi
2318 2911 2455 2979 vita
2485 2910 2688 2978 Thea

438 3013 760 3082 mistoclis
814 3037 876 3085 c.
938 3010 1010 3081 5.
1072 3014 1315 3107 colligi
1373 3025 1617 3106 potest.
1752 3015 2116 3084 Praeterea
2168 3036 2333 3083 vero
2349 3062 2371 3097 ‚
2471 3036 2685 3103 quum

444 3116 870 3186 Graecorum
914 3129 1166 3209 poetae
1202 3119 1417 3188 multo
1470 3118 1720 3209 magi3‚
1772 3140 1977 3206 quam
2029 3140 2209 3190 nunc
2250 3118 2519 3187 solitum
2566 3126 2690 3203 est,

438 3220 511 3287 in
551 3241 637 3289 eo
683 3222 1127 3307 elaborarint,
1191 3230 1267 3289 ut
1318 3243 1457 3288 non
1516 3221 1934 3292 delectarent
1992 3221 2252 3307 solum,
2308 3220 2430 3290 sed
2486 3221 2688 3289 etiam

442 3324 849 3416 prodessent
867 3373 888 3408 ‚
958 3333 1476 3396 consentaneum
1519 3334 1618 3392 est
1632 3373 1653 3410 ,
1721 3336 1799 3392 ut
1839 3323 2257 3414 Aeschylum
2270 3372 2292 3410 ‚
2361 3346 2565 3414 quem
2609 3322 2686 3392 id

447 3428 519 3494 in
565 3428 798 3519 primis
835 3428 1075 3499 fecisse
1112 3437 1407 3513 constat,
1455 3404 1595 3501 had
1624 3450 1900 3518 quoque
1943 3428 2176 3496 fabula
2201 3437 2516 3518 putemus
2552 3427 2689 3494 vir-

448 3540 663 3600 tutem
704 3531 960 3603 civibus
991 3535 1123 3601 suis
1153 3541 1357 3621 atque
1388 3528 1591 3599 animi
1635 3530 2170 3624 magnitudinem
2211 3528 2692 3600 commendare

449 3632 758 3716 voluisse.
878 3634 1064 3719 Quin
1116 3635 1359 3705 diserte
1418 3634 1493 3701 id
1562 3635 1893 3704 fatentem
1938 3632 2308 3702 introduxit
2366 3632 2435 3699 in
2477 3633 2688 3700 Ranis

451 3737 959 3829 Aristophanes,
1080 3738 1198 3807 Ad
1247 3737 1425 3807 haec
1481 3738 1539 3804 si
1601 3737 1975 3806 adiunxeris
1988 3785 2008 3821 ‚
2078 3734 2269 3826 quod
2327 3758 2687 3807 commune

450 3841 751 3910 omnium
768 3890 788 3926 ‚
842 3843 962 3930 qui
1003 3851 1322 3935 poemata
1367 3842 1662 3910 scribunt
1679 3889 1699 3925 ,
1772 3841 2126 3910 consilium
2169 3846 2304 3924 est,
2368 3849 2444 3909 ut
2483 3863 2690 3929 quam

452 3944 710 4034 possint
763 3945 1325 4035 perfectissimum
1367 3966 1542 4033 opus
1590 3943 1825 4028 edant,
1911 3941 2084 4010 nihil
2158 3943 2284 4011 erit
2374 3944 2689 4034 amplius,

450 4047 638 4136 quod
699 4049 1018 4136 requiras,
1140 4047 1284 4117 Sed
1342 4069 1427 4115 ex
1479 4034 1588 4115 his
1640 4046 1886 4130 tribus,
1955 4067 2133 4134 quae
2181 4055 2518 4137 spectasse
2545 4049 2691 4116 Ae-

451 4149 764 4240 schylum
816 4153 960 4219 veri
1029 4151 1242 4219 simile
1306 4159 1435 4234 est,
1500 4158 1577 4217 ut
1631 4151 1885 4217 bonam
1936 4151 2193 4218 faceret
2238 4150 2689 4241 tragoediam,

449 4262 526 4322 ut
572 4264 918 4345 superaret
956 4252 1446 4344 Phrynichum,
1489 4260 1567 4319 ut
1607 4253 1788 4322 cives
1838 4251 1929 4320 ad
1992 4255 2304 4322 virtutem
2346 4253 2690 4337 excitaret,

453 4357 926 4426 tantummodo
978 4361 1275 4450 primum
1326 4354 1499 4423 illud
1542 4378 1724 4426 nunc
1772 4357 2008 4447 paucis
2056 4355 2520 4448 attingendum
2568 4363 2687 4439 est,

457 4459 718 4552 reliqua
750 4460 891 4532 duo
942 4471 1170 4532 autem
1219 4459 1327 4530 illi
1371 4461 1747 4553 quaestioni
1792 4460 2150 4546 servanda,
2216 4480 2393 4550 quae
2426 4456 2557 4527 erit
2596 4457 2689 4527 de
