<?xml version="1.0" encoding="UTF-8"?>
<!DOCTYPE html PUBLIC "-//W3C//DTD XHTML 1.0 Transitional//EN"
    "http://www.w3.org/TR/xhtml1/DTD/xhtml1-transitional.dtd">
<html xmlns="http://www.w3.org/1999/xhtml" xml:lang="en" lang="en">
 <head>
  <title>
</title>
<meta http-equiv="Content-Type" content="text/html;charset=utf-8" />
  <meta name='ocr-system' content='tesseract 3.04.00' />
  <meta name='ocr-capabilities' content='ocr_page ocr_carea ocr_par ocr_line ocrx_word'/>
</head>
<body>
  <div class='ocr_page' id='page_1' title='image "./godofrediherman01fritgoog_0283.png"; bbox 0 0 3325 5317; ppageno 0'>
   <div class='ocr_carea' id='block_1_1' title="bbox 1225 432 2668 526">
    <p class='ocr_par' dir='ltr' id='par_1_1' title="bbox 1225 432 2668 526">
     <span class='ocr_line' id='line_1_1' title="bbox 1225 432 2668 526; baseline 0.013 -18"><span class='ocrx_word' id='word_1_1' title='bbox 1225 448 1885 516; x_wconf 76' lang='lat' dir='ltr'><strong>nlssER&#39;rA&#39;rlo.</strong></span> <span class='ocrx_word' id='word_1_2' title='bbox 2098 461 2107 472; x_wconf 91' lang='lat'><em>·</em></span> <span class='ocrx_word' id='word_1_3' title='bbox 2312 497 2315 500; x_wconf 90' lang='lat'>-</span> <span class='ocrx_word' id='word_1_4' title='bbox 2535 432 2668 526; x_wconf 66' lang='lat' dir='ltr'><strong>ma</strong></span> 
     </span>
    </p>
   </div>
   <div class='ocr_carea' id='block_1_2' title="bbox 414 616 2658 721">
    <p class='ocr_par' dir='ltr' id='par_1_2' title="bbox 414 616 2658 721">
     <span class='ocr_line' id='line_1_2' title="bbox 414 616 2658 721; baseline 0.007 -36"><span class='ocrx_word' id='word_1_5' title='bbox 414 616 616 685; x_wconf 88' lang='lat' dir='ltr'><strong>Novii</strong></span> <span class='ocrx_word' id='word_1_6' title='bbox 646 617 800 686; x_wconf 81' lang='lat' dir='ltr'><strong>stilo</strong></span> <span class='ocrx_word' id='word_1_7' title='bbox 832 641 969 688; x_wconf 89' lang='lat' dir='ltr'><strong>non</strong></span> <span class='ocrx_word' id='word_1_8' title='bbox 1011 620 1455 709; x_wconf 82' lang='lat' dir='ltr'><strong>abhorreant,</strong></span> <span class='ocrx_word' id='word_1_9' title='bbox 1508 633 1737 694; x_wconf 82' lang='lat' dir='ltr'><strong>tamen</strong></span> <span class='ocrx_word' id='word_1_10' title='bbox 1769 650 1855 696; x_wconf 88' lang='lat' dir='ltr'><strong>ne</strong></span> <span class='ocrx_word' id='word_1_11' title='bbox 1898 627 2087 718; x_wconf 88' lang='lat' dir='ltr'><strong>quod</strong></span> <span class='ocrx_word' id='word_1_12' title='bbox 2125 653 2166 699; x_wconf 88' lang='lat' dir='ltr'><strong>a</strong></span> <span class='ocrx_word' id='word_1_13' title='bbox 2202 628 2461 700; x_wconf 81' lang='lat' dir='ltr'><strong>Naevio</strong></span> <span class='ocrx_word' id='word_1_14' title='bbox 2505 631 2658 721; x_wconf 74' lang='lat' dir='ltr'><strong>qui·-</strong></span> 
     </span>
    </p>
   </div>
   <div class='ocr_carea' id='block_1_3' title="bbox 293 717 2655 815">
    <p class='ocr_par' dir='ltr' id='par_1_3' title="bbox 293 717 2655 815">
     <span class='ocr_line' id='line_1_3' title="bbox 293 717 2655 815; baseline 0.008 -31"><span class='ocrx_word' id='word_1_15' title='bbox 293 774 300 781; x_wconf 96' lang='lat'>.</span> <span class='ocrx_word' id='word_1_16' title='bbox 416 719 577 788; x_wconf 87' lang='lat' dir='ltr'><strong>dem</strong></span> <span class='ocrx_word' id='word_1_17' title='bbox 608 721 901 791; x_wconf 83' lang='lat' dir='ltr'><strong>alienum</strong></span> <span class='ocrx_word' id='word_1_18' title='bbox 936 726 1157 815; x_wconf 87' lang='lat' dir='ltr'><strong>putari</strong></span> <span class='ocrx_word' id='word_1_19' title='bbox 1202 727 1452 795; x_wconf 90' lang='lat' dir='ltr'><strong>debeat</strong></span> <span class='ocrx_word' id='word_1_20' title='bbox 1468 717 1492 812; x_wconf 72' lang='lat'><strong>‚&#39;</strong></span> <span class='ocrx_word' id='word_1_21' title='bbox 1541 730 1902 806; x_wconf 84' lang='lat' dir='ltr'><strong>continent.</strong></span> <span class='ocrx_word' id='word_1_22' title='bbox 2007 733 2177 801; x_wconf 87' lang='lat' dir='ltr'><strong>Sunt</strong></span> <span class='ocrx_word' id='word_1_23' title='bbox 2205 741 2430 803; x_wconf 88' lang='lat' dir='ltr'><strong>autem</strong></span> <span class='ocrx_word' id='word_1_24' title='bbox 2460 733 2655 806; x_wconf 76' lang='lat' dir='ltr'><strong>haec.</strong></span> 
     </span>
    </p>
   </div>
   <div class='ocr_carea' id='block_1_4' title="bbox 410 824 2657 998">
    <p class='ocr_par' dir='ltr' id='par_1_4' title="bbox 410 824 2657 998">
     <span class='ocr_line' id='line_1_4' title="bbox 410 824 2657 998; baseline 0.007 -107"><span class='ocrx_word' id='word_1_25' title='bbox 410 824 625 998; x_wconf 49' lang='lat' dir='ltr'><strong>zpiul</strong></span> <span class='ocrx_word' id='word_1_26' title='bbox 681 826 977 897; x_wconf 87' lang='lat' dir='ltr'><strong>Nonium</strong></span> <span class='ocrx_word' id='word_1_27' title='bbox 1033 828 1102 895; x_wconf 92' lang='lat' dir='ltr'><strong>in</strong></span> <span class='ocrx_word' id='word_1_28' title='bbox 1171 853 1233 898; x_wconf 86' lang='lat' dir='ltr'><strong>v.</strong></span> <span class='ocrx_word' id='word_1_29' title='bbox 1278 830 1692 938; x_wconf 70' lang='lat' dir='ltr'><strong>prolubium</strong></span> <span class='ocrx_word' id='word_1_30' title='bbox 1756 857 1829 926; x_wconf 87' lang='lat' dir='ltr'><strong>p.</strong></span> <span class='ocrx_word' id='word_1_31' title='bbox 1872 833 2011 922; x_wconf 77' lang='lat'><strong>64,</strong></span> <span class='ocrx_word' id='word_1_32' title='bbox 2079 834 2152 905; x_wconf 74' lang='lat'><strong>9.</strong></span> <span class='ocrx_word' id='word_1_33' title='bbox 2215 835 2535 909; x_wconf 76' lang='lat' dir='ltr'><strong>Naevius</strong></span> <span class='ocrx_word' id='word_1_34' title='bbox 2583 839 2657 907; x_wconf 75' lang='lat' dir='ltr'><strong>in</strong></span> 
     </span>
     <span class='ocr_line' id='line_1_5' title="bbox 479 950 814 998; baseline 0.009 -2"><span class='ocrx_word' id='word_1_35' title='bbox 479 950 520 996; x_wconf 89' lang='grc' dir='ltr'><em>ο</em></span> <span class='ocrx_word' id='word_1_36' title='bbox 549 951 720 998; x_wconf 79' lang='lat' dir='ltr'><strong>ace.-</strong></span> <span class='ocrx_word' id='word_1_37' title='bbox 807 967 814 972; x_wconf 92' lang='lat'><em>·</em></span> 
     </span>
    </p>
   </div>
   <div class='ocr_carea' id='block_1_5' title="bbox 668 1039 2263 1235">
    <p class='ocr_par' dir='ltr' id='par_1_5' title="bbox 668 1039 2263 1235">
     <span class='ocr_line' id='line_1_6' title="bbox 668 1039 2263 1235; baseline 0.009 -33"><span class='ocrx_word' id='word_1_38' title='bbox 668 1142 737 1202; x_wconf 82' lang='lat' dir='ltr'><strong>et</strong></span> <span class='ocrx_word' id='word_1_39' title='bbox 776 1157 1029 1204; x_wconf 84' lang='lat' dir='ltr'><strong>vereor</strong></span> <span class='ocrx_word' id='word_1_40' title='bbox 1043 1184 1064 1221; x_wconf 92' lang='lat'><strong>,</strong></span> <span class='ocrx_word' id='word_1_41' title='bbox 1120 1143 1192 1206; x_wconf 84' lang='lat' dir='ltr'><strong>et</strong></span> <span class='ocrx_word' id='word_1_42' title='bbox 1223 1129 1495 1230; x_wconf 79' lang='lat' dir='ltr'><strong>facere</strong></span> <span class='ocrx_word' id='word_1_43' title='bbox 1534 1140 1608 1209; x_wconf 73' lang='lat' dir='ltr'><strong>in</strong></span> <span class='ocrx_word' id='word_1_44' title='bbox 1659 1039 2158 1235; x_wconf 47' lang='grc' dir='ltr'><strong>Ρνοῑῗόᾕθῑὲςὶ.</strong></span> <span class='ocrx_word' id='word_1_45' title='bbox 2219 1098 2263 1164; x_wconf 25' lang='grc' dir='ltr'><strong>ι’</strong></span> 
     </span>
    </p>
   </div>
   <div class='ocr_carea' id='block_1_6' title="bbox 405 1287 2654 1789">
    <p class='ocr_par' dir='ltr' id='par_1_6' title="bbox 405 1287 2654 1789">
     <span class='ocr_line' id='line_1_7' title="bbox 407 1287 2654 1384; baseline 0.004 -29"><span class='ocrx_word' id='word_1_46' title='bbox 407 1287 621 1376; x_wconf 87' lang='lat' dir='ltr'><strong>Apud</strong></span> <span class='ocrx_word' id='word_1_47' title='bbox 667 1288 985 1380; x_wconf 70' lang='lat' dir='ltr'><strong>eumdem</strong></span> <span class='ocrx_word' id='word_1_48' title='bbox 1033 1290 1101 1357; x_wconf 85' lang='lat' dir='ltr'><strong>in</strong></span> <span class='ocrx_word' id='word_1_49' title='bbox 1141 1313 1204 1357; x_wconf 85' lang='lat' dir='ltr'><strong>v.</strong></span> <span class='ocrx_word' id='word_1_50' title='bbox 1258 1291 1518 1361; x_wconf 84' lang='lat' dir='ltr'><strong>collum</strong></span> <span class='ocrx_word' id='word_1_51' title='bbox 1562 1316 1635 1384; x_wconf 89' lang='lat' dir='ltr'><strong>p.</strong></span> <span class='ocrx_word' id='word_1_52' title='bbox 1674 1291 1866 1381; x_wconf 79' lang='lat'><strong>200,</strong></span> <span class='ocrx_word' id='word_1_53' title='bbox 1920 1293 2042 1363; x_wconf 80' lang='lat'><strong>24.</strong></span> <span class='ocrx_word' id='word_1_54' title='bbox 2106 1292 2461 1364; x_wconf 71' lang='lat' dir='ltr'><strong>Naevius.-</strong></span> <span class='ocrx_word' id='word_1_55' title='bbox 2528 1316 2654 1363; x_wconf 86' lang='lat' dir='ltr'><strong>cm·</strong></span> 
     </span>
     <span class='ocr_line' id='line_1_8' title="bbox 407 1392 2652 1486; baseline 0.004 -29"><span class='ocrx_word' id='word_1_56' title='bbox 407 1398 646 1458; x_wconf 81' lang='lat' dir='ltr'><strong>utrum</strong></span> <span class='ocrx_word' id='word_1_57' title='bbox 673 1392 1022 1485; x_wconf 79' lang='lat' dir='ltr'><strong>scapulae</strong></span> <span class='ocrx_word' id='word_1_58' title='bbox 1042 1393 1218 1486; x_wconf 79' lang='lat' dir='ltr'><strong>plus</strong></span> <span class='ocrx_word' id='word_1_59' title='bbox 1245 1418 1342 1461; x_wconf 81' lang='lat' dir='ltr'><strong>an</strong></span> <span class='ocrx_word' id='word_1_60' title='bbox 1381 1397 1606 1466; x_wconf 78' lang='lat' dir='ltr'><strong>collus</strong></span> <span class='ocrx_word' id='word_1_61' title='bbox 1641 1399 1818 1467; x_wconf 81' lang='lat' dir='ltr'><strong>calli</strong></span> <span class='ocrx_word' id='word_1_62' title='bbox 1849 1397 2116 1468; x_wconf 77' lang='lat' dir='ltr'><strong>habeat</strong></span> <span class='ocrx_word' id='word_1_63' title='bbox 2158 1398 2409 1468; x_wconf 74' lang='lat' dir='ltr'><strong>nescio.</strong></span> <span class='ocrx_word' id='word_1_64' title='bbox 2475 1396 2652 1466; x_wconf 86' lang='lat' dir='ltr'><strong>Cor-</strong></span> 
     </span>
     <span class='ocr_line' id='line_1_9' title="bbox 406 1493 2652 1595; baseline 0.003 -35"><span class='ocrx_word' id='word_1_65' title='bbox 406 1493 667 1585; x_wconf 85' lang='lat' dir='ltr'><strong>rigunt:</strong></span> <span class='ocrx_word' id='word_1_66' title='bbox 719 1494 1040 1564; x_wconf 78' lang='lat' dir='ltr'><strong>Naevius</strong></span> <span class='ocrx_word' id='word_1_67' title='bbox 1076 1496 1372 1565; x_wconf 76' lang='lat' dir='ltr'><strong>Colace.-</strong></span> <span class='ocrx_word' id='word_1_68' title='bbox 1422 1508 1692 1582; x_wconf 76' lang='lat' dir='ltr'><strong>utrum3</strong></span> <span class='ocrx_word' id='word_1_69' title='bbox 1743 1512 1927 1571; x_wconf 87' lang='lat' dir='ltr'><strong>recte</strong></span> <span class='ocrx_word' id='word_1_70' title='bbox 1943 1551 1964 1586; x_wconf 86' lang='lat'>‚</span> <span class='ocrx_word' id='word_1_71' title='bbox 2017 1511 2092 1571; x_wconf 86' lang='lat' dir='ltr'><strong>ut</strong></span> <span class='ocrx_word' id='word_1_72' title='bbox 2126 1500 2407 1595; x_wconf 79' lang='lat' dir='ltr'><strong>videtur.</strong></span> <span class='ocrx_word' id='word_1_73' title='bbox 2473 1500 2652 1570; x_wconf 89' lang='lat' dir='ltr'><strong>Ver-</strong></span> 
     </span>
     <span class='ocr_line' id='line_1_10' title="bbox 406 1599 2650 1697; baseline 0.004 -35"><span class='ocrx_word' id='word_1_74' title='bbox 406 1619 514 1663; x_wconf 84' lang='lat' dir='ltr'><strong>sus</strong></span> <span class='ocrx_word' id='word_1_75' title='bbox 535 1644 556 1682; x_wconf 89' lang='lat'>‚</span> <span class='ocrx_word' id='word_1_76' title='bbox 642 1600 760 1685; x_wconf 88' lang='lat' dir='ltr'><strong>qui</strong></span> <span class='ocrx_word' id='word_1_77' title='bbox 832 1608 946 1667; x_wconf 84' lang='lat' dir='ltr'><strong>aut</strong></span> <span class='ocrx_word' id='word_1_78' title='bbox 1013 1599 1396 1672; x_wconf 83' lang='lat' dir='ltr'><strong>trochaicus</strong></span> <span class='ocrx_word' id='word_1_79' title='bbox 1450 1603 1581 1672; x_wconf 84' lang='lat' dir='ltr'><strong>fuit</strong></span> <span class='ocrx_word' id='word_1_80' title='bbox 1637 1607 2047 1697; x_wconf 81' lang='lat' dir='ltr'>septenarius</span> <span class='ocrx_word' id='word_1_81' title='bbox 2064 1653 2086 1691; x_wconf 88' lang='lat'>,</span> <span class='ocrx_word' id='word_1_82' title='bbox 2162 1613 2276 1672; x_wconf 87' lang='lat' dir='ltr'><strong>aut</strong></span> <span class='ocrx_word' id='word_1_83' title='bbox 2324 1604 2650 1672; x_wconf 82' lang='lat' dir='ltr'><strong>iambicus</strong></span> 
     </span>
     <span class='ocr_line' id='line_1_11' title="bbox 405 1702 1417 1789; baseline 0.007 -22"><span class='ocrx_word' id='word_1_84' title='bbox 405 1702 782 1771; x_wconf 86' lang='lat' dir='ltr'><strong>octonarius</strong></span> <span class='ocrx_word' id='word_1_85' title='bbox 800 1751 820 1789; x_wconf 88' lang='lat'>,</span> <span class='ocrx_word' id='word_1_86' title='bbox 871 1703 970 1770; x_wconf 82' lang='lat' dir='ltr'><strong>ita.</strong></span> <span class='ocrx_word' id='word_1_87' title='bbox 995 1704 1417 1774; x_wconf 82' lang='lat' dir='ltr'><strong>scribendus:</strong></span> 
     </span>
    </p>
   </div>
   <div class='ocr_carea' id='block_1_7' title="bbox 639 1803 2653 2032">
    <p class='ocr_par' dir='ltr' id='par_1_7' title="bbox 639 1803 2653 2032">
     <span class='ocr_line' id='line_1_12' title="bbox 639 1803 2653 1979; baseline 0 -55"><span class='ocrx_word' id='word_1_88' title='bbox 639 1887 646 1896; x_wconf 94' lang='lat'><strong>·</strong></span> <span class='ocrx_word' id='word_1_89' title='bbox 740 1907 758 1923; x_wconf 90' lang='lat'><strong>.</strong></span> <span class='ocrx_word' id='word_1_90' title='bbox 881 1862 1123 1926; x_wconf 79' lang='lat' dir='ltr'><strong>utrum</strong></span> <span class='ocrx_word' id='word_1_91' title='bbox 1168 1859 1519 1952; x_wconf 76' lang='lat' dir='ltr'><strong>scapulae</strong></span> <span class='ocrx_word' id='word_1_92' title='bbox 1553 1861 1730 1953; x_wconf 79' lang='lat' dir='ltr'><strong>plus</strong></span> <span class='ocrx_word' id='word_1_93' title='bbox 1780 1882 1880 1929; x_wconf 78' lang='lat' dir='ltr'><strong>an</strong></span> <span class='ocrx_word' id='word_1_94' title='bbox 1919 1859 2142 1930; x_wconf 80' lang='lat' dir='ltr'><strong>collus</strong></span> <span class='ocrx_word' id='word_1_95' title='bbox 2171 1803 2441 1979; x_wconf 61' lang='lat' dir='ltr'><strong>habeat</strong></span> <span class='ocrx_word' id='word_1_96' title='bbox 2479 1820 2653 1926; x_wconf 70' lang='lat' dir='ltr'><strong>calli</strong></span> 
     </span>
     <span class='ocr_line' id='line_1_13' title="bbox 2063 1984 2316 2032; baseline -0.008 -1"><span class='ocrx_word' id='word_1_97' title='bbox 2063 1984 2316 2032; x_wconf 67' lang='lat' dir='ltr'><strong>nese-zo.</strong></span> 
     </span>
    </p>
   </div>
   <div class='ocr_carea' id='block_1_8' title="bbox 394 2092 2651 3565">
    <p class='ocr_par' dir='ltr' id='par_1_8' title="bbox 401 2092 2650 2268">
     <span class='ocr_line' id='line_1_14' title="bbox 401 2092 2650 2190; baseline 0.001 -28"><span class='ocrx_word' id='word_1_98' title='bbox 401 2092 616 2184; x_wconf 84' lang='lat' dir='ltr'><strong>Apud</strong></span> <span class='ocrx_word' id='word_1_99' title='bbox 663 2094 985 2164; x_wconf 85' lang='lat' dir='ltr'><strong>eumdem</strong></span> <span class='ocrx_word' id='word_1_100' title='bbox 1034 2094 1105 2162; x_wconf 91' lang='lat' dir='ltr'><strong>in</strong></span> <span class='ocrx_word' id='word_1_101' title='bbox 1155 2119 1218 2164; x_wconf 82' lang='lat' dir='ltr'><strong>v.</strong></span> <span class='ocrx_word' id='word_1_102' title='bbox 1256 2098 1585 2189; x_wconf 78' lang='lat' dir='ltr'><strong>protinus</strong></span> <span class='ocrx_word' id='word_1_103' title='bbox 1630 2121 1707 2190; x_wconf 85' lang='lat' dir='ltr'><strong>p.</strong></span> <span class='ocrx_word' id='word_1_104' title='bbox 1761 2097 1951 2186; x_wconf 64' lang='lat'><strong>376,</strong></span> <span class='ocrx_word' id='word_1_105' title='bbox 2021 2098 2143 2167; x_wconf 90' lang='lat' dir='ltr'><strong>ll.</strong></span> <span class='ocrx_word' id='word_1_106' title='bbox 2215 2096 2537 2168; x_wconf 74' lang='lat' dir='ltr'><strong>Naevius</strong></span> <span class='ocrx_word' id='word_1_107' title='bbox 2577 2097 2650 2165; x_wconf 78' lang='lat' dir='ltr'><strong>in</strong></span> 
     </span>
     <span class='ocr_line' id='line_1_15' title="bbox 411 2195 709 2268; baseline 0.003 -3"><span class='ocrx_word' id='word_1_108' title='bbox 411 2195 709 2268; x_wconf 79' lang='lat' dir='ltr'><strong>Colace.-</strong></span> 
     </span>
    </p>

    <p class='ocr_par' dir='ltr' id='par_1_9' title="bbox 730 2298 2651 2396">
     <span class='ocr_line' id='line_1_16' title="bbox 730 2298 2651 2396; baseline 0.002 -29"><span class='ocrx_word' id='word_1_109' title='bbox 730 2352 746 2367; x_wconf 93' lang='lat'>.</span> <span class='ocrx_word' id='word_1_110' title='bbox 804 2351 821 2369; x_wconf 86' lang='lat'><strong>.</strong></span> <span class='ocrx_word' id='word_1_111' title='bbox 874 2298 997 2370; x_wconf 71' lang='lat' dir='ltr'><strong>ubi</strong></span> <span class='ocrx_word' id='word_1_112' title='bbox 1050 2300 1204 2371; x_wconf 76' lang='lat' dir='ltr'><strong><em>vidi</em></strong></span> <span class='ocrx_word' id='word_1_113' title='bbox 1233 2351 1255 2387; x_wconf 84' lang='lat'>‚</span> <span class='ocrx_word' id='word_1_114' title='bbox 1339 2303 1915 2375; x_wconf 75' lang='lat' dir='ltr'><strong>exanimabiliter</strong></span> <span class='ocrx_word' id='word_1_115' title='bbox 1991 2303 2262 2374; x_wconf 71' lang='lat' dir='ltr'><strong>timidis</strong></span> <span class='ocrx_word' id='word_1_116' title='bbox 2333 2301 2651 2396; x_wconf 71' lang='lat' dir='ltr'><strong>pedibus</strong></span> 
     </span>
    </p>

    <p class='ocr_par' dir='ltr' id='par_1_10' title="bbox 652 2408 2447 2578">
     <span class='ocr_line' id='line_1_17' title="bbox 1966 2408 2447 2501; baseline -0.01 -22"><span class='ocrx_word' id='word_1_117' title='bbox 1966 2467 1969 2470; x_wconf 94' lang='lat'>.</span> <span class='ocrx_word' id='word_1_118' title='bbox 2050 2408 2447 2501; x_wconf 51' lang='lat' dir='ltr'><strong>protinam*</strong></span> 
     </span>
     <span class='ocr_line' id='line_1_18' title="bbox 652 2507 1012 2578; baseline 0.003 -3"><span class='ocrx_word' id='word_1_119' title='bbox 652 2530 770 2576; x_wconf 85' lang='lat' dir='ltr'><strong>me</strong></span> <span class='ocrx_word' id='word_1_120' title='bbox 820 2507 1012 2578; x_wconf 76' lang='lat' dir='ltr'><strong>dedi.</strong></span> 
     </span>
    </p>

    <p class='ocr_par' dir='ltr' id='par_1_11' title="bbox 394 2637 2648 3565">
     <span class='ocr_line' id='line_1_19' title="bbox 402 2637 2647 2739; baseline -0 -25"><span class='ocrx_word' id='word_1_121' title='bbox 402 2645 618 2738; x_wconf 86' lang='lat' dir='ltr'><strong>Apud</strong></span> <span class='ocrx_word' id='word_1_122' title='bbox 663 2645 984 2715; x_wconf 87' lang='lat' dir='ltr'><strong>eumdem</strong></span> <span class='ocrx_word' id='word_1_123' title='bbox 1025 2645 1096 2713; x_wconf 89' lang='lat' dir='ltr'><strong>in</strong></span> <span class='ocrx_word' id='word_1_124' title='bbox 1136 2669 1198 2714; x_wconf 88' lang='lat' dir='ltr'><strong>v.</strong></span> <span class='ocrx_word' id='word_1_125' title='bbox 1227 2647 1571 2732; x_wconf 80' lang='lat' dir='ltr'><strong>multare,</strong></span> <span class='ocrx_word' id='word_1_126' title='bbox 1624 2649 1705 2739; x_wconf 46' lang='lat' dir='ltr'><strong>pq</strong></span> <span class='ocrx_word' id='word_1_127' title='bbox 1735 2644 1924 2733; x_wconf 83' lang='lat'><strong>462,</strong></span> <span class='ocrx_word' id='word_1_128' title='bbox 1977 2645 2100 2715; x_wconf 82' lang='lat'><strong>32.</strong></span> <span class='ocrx_word' id='word_1_129' title='bbox 2150 2637 2472 2716; x_wconf 72' lang='lat' dir='ltr'><strong>Naevius</strong></span> <span class='ocrx_word' id='word_1_130' title='bbox 2506 2643 2647 2716; x_wconf 82' lang='lat' dir='ltr'><strong>Co-</strong></span> 
     </span>
     <span class='ocr_line' id='line_1_20' title="bbox 403 2749 2648 2854; baseline 0 -36"><span class='ocrx_word' id='word_1_131' title='bbox 403 2750 597 2818; x_wconf 79' lang='lat' dir='ltr'><strong>lace.-</strong></span> <span class='ocrx_word' id='word_1_132' title='bbox 650 2758 717 2819; x_wconf 81' lang='lat' dir='ltr'><strong>et</strong></span> <span class='ocrx_word' id='word_1_133' title='bbox 746 2749 980 2830; x_wconf 69' lang='lat' dir='ltr'><strong>asseri</strong></span> <span class='ocrx_word' id='word_1_134' title='bbox 1006 2750 1261 2819; x_wconf 72' lang='lat' dir='ltr'><strong>landes</strong></span> <span class='ocrx_word' id='word_1_135' title='bbox 1305 2772 1458 2854; x_wconf 83' lang='lat' dir='ltr'><strong>ago</strong></span> <span class='ocrx_word' id='word_1_136' title='bbox 1500 2773 1716 2842; x_wconf 81' lang='lat' dir='ltr'><strong>quum</strong></span> <span class='ocrx_word' id='word_1_137' title='bbox 1743 2752 1921 2833; x_wconf 78' lang='lat' dir='ltr'><strong>votis</strong></span> <span class='ocrx_word' id='word_1_138' title='bbox 1963 2773 2080 2819; x_wconf 86' lang='lat' dir='ltr'><strong>me</strong></span> <span class='ocrx_word' id='word_1_139' title='bbox 2109 2751 2430 2820; x_wconf 79' lang='lat' dir='ltr'><strong>multatis</strong></span> <span class='ocrx_word' id='word_1_140' title='bbox 2472 2749 2648 2819; x_wconf 72' lang='lat' dir='ltr'><strong>meis</strong></span> 
     </span>
     <span class='ocr_line' id='line_1_21' title="bbox 401 2851 2642 2947; baseline 0.003 -27"><span class='ocrx_word' id='word_1_141' title='bbox 401 2853 593 2944; x_wconf 81' lang='lat' dir='ltr'><strong>quod</strong></span> <span class='ocrx_word' id='word_1_142' title='bbox 627 2857 1150 2947; x_wconf 63' lang='lat' dir='ltr'><strong>praeterquam</strong></span> <span class='ocrx_word' id='word_1_143' title='bbox 1199 2853 1457 2922; x_wconf 83' lang='lat' dir='ltr'><strong>vellem</strong></span> <span class='ocrx_word' id='word_1_144' title='bbox 1495 2851 1887 2922; x_wconf 78' lang='lat' dir='ltr'><strong>audiebam</strong></span> <span class='ocrx_word' id='word_1_145' title='bbox 1943 2851 2080 2923; x_wconf 84' lang='lat' dir='ltr'><strong>hoc</strong></span> <span class='ocrx_word' id='word_1_146' title='bbox 2134 2854 2310 2923; x_wconf 76' lang='lat' dir='ltr'><strong>mihi</strong></span> <span class='ocrx_word' id='word_1_147' title='bbox 2355 2854 2642 2926; x_wconf 74' lang='lat' dir='ltr'><strong>eminus.</strong></span> 
     </span>
     <span class='ocr_line' id='line_1_22' title="bbox 403 2954 2644 3050; baseline 0 -26"><span class='ocrx_word' id='word_1_148' title='bbox 403 2957 521 3029; x_wconf 89' lang='lat' dir='ltr'><strong>Sic</strong></span> <span class='ocrx_word' id='word_1_149' title='bbox 566 2957 675 3025; x_wconf 88' lang='lat' dir='ltr'><strong>ed.</strong></span> <span class='ocrx_word' id='word_1_150' title='bbox 713 2957 977 3024; x_wconf 86' lang='lat' dir='ltr'><strong>Veneta</strong></span> <span class='ocrx_word' id='word_1_151' title='bbox 1021 2980 1081 3024; x_wconf 90' lang='lat' dir='ltr'><strong>a.</strong></span> <span class='ocrx_word' id='word_1_152' title='bbox 1126 2954 1350 3025; x_wconf 82' lang='lat'><strong>1496.</strong></span> <span class='ocrx_word' id='word_1_153' title='bbox 1391 2957 1513 3025; x_wconf 86' lang='lat' dir='ltr'><strong>nisi</strong></span> <span class='ocrx_word' id='word_1_154' title='bbox 1564 2958 1755 3046; x_wconf 92' lang='lat' dir='ltr'><strong>quod</strong></span> <span class='ocrx_word' id='word_1_155' title='bbox 1801 2980 1932 3050; x_wconf 89' lang='lat' dir='ltr'><strong>pro</strong></span> <span class='ocrx_word' id='word_1_156' title='bbox 1983 2957 2301 3048; x_wconf 64' lang='lat' dir='ltr'><strong>Naevius</strong></span> <span class='ocrx_word' id='word_1_157' title='bbox 2359 2955 2644 3040; x_wconf 85' lang='lat' dir='ltr'><em>Colace,</em></span> 
     </span>
     <span class='ocr_line' id='line_1_23' title="bbox 402 3059 2646 3153; baseline -0 -24"><span class='ocrx_word' id='word_1_158' title='bbox 402 3069 477 3129; x_wconf 90' lang='lat' dir='ltr'><strong>ut</strong></span> <span class='ocrx_word' id='word_1_159' title='bbox 538 3070 781 3153; x_wconf 90' lang='lat' dir='ltr'><strong>postea</strong></span> <span class='ocrx_word' id='word_1_160' title='bbox 832 3059 1032 3129; x_wconf 88' lang='lat' dir='ltr'><strong>scribi</strong></span> <span class='ocrx_word' id='word_1_161' title='bbox 1096 3071 1454 3152; x_wconf 88' lang='lat' dir='ltr'><strong>coeptum,</strong></span> <span class='ocrx_word' id='word_1_162' title='bbox 1529 3060 1745 3129; x_wconf 89' lang='lat' dir='ltr'><strong>habet</strong></span> <span class='ocrx_word' id='word_1_163' title='bbox 1814 3060 2125 3131; x_wconf 76' lang='lat' dir='ltr'><strong>Neuius.-</strong></span> <span class='ocrx_word' id='word_1_164' title='bbox 2209 3061 2433 3132; x_wconf 68' lang='lat' dir='ltr'><strong>Color</strong></span> <span class='ocrx_word' id='word_1_165' title='bbox 2486 3081 2646 3129; x_wconf 87' lang='lat' dir='ltr'><strong>cum</strong></span> 
     </span>
     <span class='ocr_line' id='line_1_24' title="bbox 396 3161 2643 3255; baseline -0.001 -24"><span class='ocrx_word' id='word_1_166' title='bbox 396 3163 652 3233; x_wconf 90' lang='lat' dir='ltr'><strong>lineola</strong></span> <span class='ocrx_word' id='word_1_167' title='bbox 695 3186 897 3254; x_wconf 88' lang='lat' dir='ltr'><strong>super</strong></span> <span class='ocrx_word' id='word_1_168' title='bbox 934 3163 1158 3231; x_wconf 87' lang='lat' dir='ltr'><strong>littera</strong></span> <span class='ocrx_word' id='word_1_169' title='bbox 1201 3184 1281 3249; x_wconf 82' lang='lat' dir='ltr'><strong>r,</strong></span> <span class='ocrx_word' id='word_1_170' title='bbox 1355 3187 1530 3253; x_wconf 89' lang='lat' dir='ltr'><strong>quae</strong></span> <span class='ocrx_word' id='word_1_171' title='bbox 1577 3188 1699 3232; x_wconf 80' lang='lat' dir='ltr'><strong>um</strong></span> <span class='ocrx_word' id='word_1_172' title='bbox 1746 3174 1953 3233; x_wconf 88' lang='lat' dir='ltr'><strong>notat.</strong></span> <span class='ocrx_word' id='word_1_173' title='bbox 2058 3161 2258 3233; x_wconf 89' lang='lat' dir='ltr'><strong>Aliae</strong></span> <span class='ocrx_word' id='word_1_174' title='bbox 2306 3162 2463 3232; x_wconf 88' lang='lat' dir='ltr'><strong>edd.</strong></span> <span class='ocrx_word' id='word_1_175' title='bbox 2511 3181 2643 3255; x_wconf 88' lang='lat' dir='ltr'><strong>pro</strong></span> 
     </span>
     <span class='ocr_line' id='line_1_25' title="bbox 398 3266 2644 3359; baseline -0.001 -23"><span class='ocrx_word' id='word_1_176' title='bbox 398 3268 668 3337; x_wconf 76' lang='lat' dir='ltr'><strong>eminus</strong></span> <span class='ocrx_word' id='word_1_177' title='bbox 700 3267 1033 3335; x_wconf 84' lang='lat' dir='ltr'><strong>dederunt</strong></span> <span class='ocrx_word' id='word_1_178' title='bbox 1057 3266 1350 3335; x_wconf 77' lang='lat' dir='ltr'><strong>Ennius.</strong></span> <span class='ocrx_word' id='word_1_179' title='bbox 1403 3267 1789 3353; x_wconf 65' lang='lat' dir='ltr'><strong>Merca-us,</strong></span> <span class='ocrx_word' id='word_1_180' title='bbox 1841 3270 1959 3359; x_wconf 88' lang='lat' dir='ltr'><strong>qui</strong></span> <span class='ocrx_word' id='word_1_181' title='bbox 1996 3268 2196 3337; x_wconf 88' lang='lat' dir='ltr'><strong>Novii</strong></span> <span class='ocrx_word' id='word_1_182' title='bbox 2234 3290 2487 3335; x_wconf 85' lang='lat' dir='ltr'><strong>nomen</strong></span> <span class='ocrx_word' id='word_1_183' title='bbox 2529 3266 2644 3356; x_wconf 53' lang='lat' dir='ltr'><strong>rie-4</strong></span> 
     </span>
     <span class='ocr_line' id='line_1_26' title="bbox 397 3370 2642 3465; baseline -0.002 -26"><span class='ocrx_word' id='word_1_184' title='bbox 397 3374 659 3461; x_wconf 84' lang='lat' dir='ltr'><strong>posuit,</strong></span> <span class='ocrx_word' id='word_1_185' title='bbox 726 3371 912 3439; x_wconf 87' lang='lat' dir='ltr'><strong>miris</strong></span> <span class='ocrx_word' id='word_1_186' title='bbox 966 3371 1361 3441; x_wconf 87' lang='lat' dir='ltr'><strong>coniecturis</strong></span> <span class='ocrx_word' id='word_1_187' title='bbox 1411 3373 1689 3440; x_wconf 83' lang='lat' dir='ltr'><strong>tentavit</strong></span> <span class='ocrx_word' id='word_1_188' title='bbox 1727 3370 1870 3443; x_wconf 86' lang='lat' dir='ltr'><strong>hoc</strong></span> <span class='ocrx_word' id='word_1_189' title='bbox 1913 3373 2409 3465; x_wconf 82' lang='lat' dir='ltr'><strong>fragmentum,</strong></span> <span class='ocrx_word' id='word_1_190' title='bbox 2475 3390 2642 3457; x_wconf 88' lang='lat' dir='ltr'><strong>quas</strong></span> 
     </span>
     <span class='ocr_line' id='line_1_27' title="bbox 394 3470 2642 3565; baseline -0.001 -22"><span class='ocrx_word' id='word_1_191' title='bbox 394 3477 594 3544; x_wconf 90' lang='lat' dir='ltr'><strong>satius</strong></span> <span class='ocrx_word' id='word_1_192' title='bbox 651 3482 751 3541; x_wconf 90' lang='lat' dir='ltr'><strong>est</strong></span> <span class='ocrx_word' id='word_1_193' title='bbox 809 3477 1180 3565; x_wconf 87' lang='lat' dir='ltr'><strong>praeterire</strong></span> <span class='ocrx_word' id='word_1_194' title='bbox 1197 3523 1217 3559; x_wconf 93' lang='lat'>‚</span> <span class='ocrx_word' id='word_1_195' title='bbox 1297 3497 1507 3564; x_wconf 91' lang='lat' dir='ltr'><strong>quum</strong></span> <span class='ocrx_word' id='word_1_196' title='bbox 1573 3475 1903 3547; x_wconf 84' lang='lat' dir='ltr'><strong>facillima</strong></span> <span class='ocrx_word' id='word_1_197' title='bbox 1952 3475 2320 3544; x_wconf 85' lang='lat' dir='ltr'><strong>mutatione</strong></span> <span class='ocrx_word' id='word_1_198' title='bbox 2386 3470 2642 3561; x_wconf 83' lang='lat' dir='ltr'><strong>corrigi</strong></span> 
     </span>
    </p>
   </div>
   <div class='ocr_carea' id='block_1_9' title="bbox 394 3577 2112 3749">
    <p class='ocr_par' dir='ltr' id='par_1_12' title="bbox 394 3577 2112 3749">
     <span class='ocr_line' id='line_1_28' title="bbox 394 3577 1333 3676; baseline -0.001 -28"><span class='ocrx_word' id='word_1_199' title='bbox 394 3602 595 3676; x_wconf 86' lang='lat' dir='ltr'><strong>posse</strong></span> <span class='ocrx_word' id='word_1_200' title='bbox 633 3577 959 3647; x_wconf 86' lang='lat' dir='ltr'><strong>videatur.</strong></span> <span class='ocrx_word' id='word_1_201' title='bbox 1062 3577 1333 3647; x_wconf 62' lang='lat' dir='ltr'><strong>Scribe}</strong></span> 
     </span>
     <span class='ocr_line' id='line_1_29' title="bbox 1765 3678 2112 3749; baseline -0.006 0"><span class='ocrx_word' id='word_1_202' title='bbox 1765 3688 1833 3749; x_wconf 84' lang='lat' dir='ltr'><strong>et</strong></span> <span class='ocrx_word' id='word_1_203' title='bbox 1885 3678 2112 3749; x_wconf 74' lang='lat' dir='ltr'><strong>asseri</strong></span> 
     </span>
    </p>
   </div>
   <div class='ocr_carea' id='block_1_10' title="bbox 650 3780 2348 3877">
    <p class='ocr_par' dir='ltr' id='par_1_13' title="bbox 650 3780 2348 3877">
     <span class='ocr_line' id='line_1_30' title="bbox 650 3780 2348 3877; baseline -0.005 -21"><span class='ocrx_word' id='word_1_204' title='bbox 650 3784 907 3856; x_wconf 78' lang='lat' dir='ltr'><strong>laudes</strong></span> <span class='ocrx_word' id='word_1_205' title='bbox 948 3805 1138 3877; x_wconf 77' lang='lat' dir='ltr'><strong>ago,</strong></span> <span class='ocrx_word' id='word_1_206' title='bbox 1193 3804 1407 3876; x_wconf 80' lang='lat' dir='ltr'><strong>quum</strong></span> <span class='ocrx_word' id='word_1_207' title='bbox 1457 3784 1637 3853; x_wconf 75' lang='lat' dir='ltr'><strong>votis</strong></span> <span class='ocrx_word' id='word_1_208' title='bbox 1680 3805 1796 3853; x_wconf 83' lang='lat' dir='ltr'><strong>me</strong></span> <span class='ocrx_word' id='word_1_209' title='bbox 1842 3783 2100 3851; x_wconf 84' lang='lat' dir='ltr'><strong>multat</strong></span> <span class='ocrx_word' id='word_1_210' title='bbox 2142 3780 2348 3864; x_wconf 75' lang='lat' dir='ltr'><strong>meis,</strong></span> 
     </span>
    </p>
   </div>
   <div class='ocr_carea' id='block_1_11' title="bbox 584 3872 2635 4058">
    <p class='ocr_par' dir='ltr' id='par_1_14' title="bbox 584 3872 2635 4058">
     <span class='ocr_line' id='line_1_31' title="bbox 584 3872 2635 4006; baseline -0.004 -48"><span class='ocrx_word' id='word_1_211' title='bbox 584 3987 590 3992; x_wconf 90' lang='lat'><strong>.</strong></span> <span class='ocrx_word' id='word_1_212' title='bbox 650 3888 878 3982; x_wconf 79' lang='lat' dir='ltr'><strong>quod,</strong></span> <span class='ocrx_word' id='word_1_213' title='bbox 938 3894 1247 3981; x_wconf 76' lang='lat' dir='ltr'><strong>praeter</strong></span> <span class='ocrx_word' id='word_1_214' title='bbox 1288 3909 1506 3978; x_wconf 83' lang='lat' dir='ltr'><strong>quam</strong></span> <span class='ocrx_word' id='word_1_215' title='bbox 1548 3887 1842 3973; x_wconf 82' lang='lat' dir='ltr'><strong>vellem,</strong></span> <span class='ocrx_word' id='word_1_216' title='bbox 1908 3883 2296 4006; x_wconf 52' lang='lat' dir='ltr'><strong>audiebam</strong></span> <span class='ocrx_word' id='word_1_217' title='bbox 2342 3872 2478 3974; x_wconf 79' lang='lat' dir='ltr'><strong>hoc</strong></span> <span class='ocrx_word' id='word_1_218' title='bbox 2524 3881 2635 3982; x_wconf 31' lang='lat' dir='ltr'><strong>&#39;mi</strong></span> 
     </span>
     <span class='ocr_line' id='line_1_32' title="bbox 2071 4009 2356 4058; baseline -0.014 0"><span class='ocrx_word' id='word_1_219' title='bbox 2071 4009 2356 4058; x_wconf 74' lang='lat' dir='ltr'><strong>emmas.</strong></span> 
     </span>
    </p>
   </div>
   <div class='ocr_carea' id='block_1_12' title="bbox 386 4122 2637 4534">
    <p class='ocr_par' dir='ltr' id='par_1_15' title="bbox 386 4119 2637 4534">
     <span class='ocr_line' id='line_1_33' title="bbox 386 4122 2630 4219; baseline -0.004 -21"><span class='ocrx_word' id='word_1_220' title='bbox 386 4125 728 4217; x_wconf 80' lang='lat' dir='ltr'><strong>Loquitur</strong></span> <span class='ocrx_word' id='word_1_221' title='bbox 759 4127 997 4218; x_wconf 88' lang='lat' dir='ltr'><strong>aliquis</strong></span> <span class='ocrx_word' id='word_1_222' title='bbox 1014 4177 1037 4214; x_wconf 91' lang='lat'>‚</span> <span class='ocrx_word' id='word_1_223' title='bbox 1090 4129 1209 4217; x_wconf 87' lang='lat' dir='ltr'><strong>qui</strong></span> <span class='ocrx_word' id='word_1_224' title='bbox 1241 4129 1451 4218; x_wconf 78' lang='lat' dir='ltr'><strong>quu&#39;m</strong></span> <span class='ocrx_word' id='word_1_225' title='bbox 1499 4146 1629 4219; x_wconf 88' lang='lat' dir='ltr'><strong>per</strong></span> <span class='ocrx_word' id='word_1_226' title='bbox 1669 4150 1959 4197; x_wconf 81' lang='lat' dir='ltr'><strong>asserem</strong></span> <span class='ocrx_word' id='word_1_227' title='bbox 2005 4126 2247 4219; x_wconf 87' lang='lat' dir='ltr'><strong>parieti</strong></span> <span class='ocrx_word' id='word_1_228' title='bbox 2279 4122 2630 4196; x_wconf 83' lang='lat' dir='ltr'><strong>sarciendo</strong></span> 
     </span>
     <span class='ocr_line' id='line_1_34' title="bbox 387 4226 2633 4324; baseline -0.004 -23"><span class='ocrx_word' id='word_1_229' title='bbox 387 4234 709 4302; x_wconf 87' lang='lat' dir='ltr'><strong>insertum</strong></span> <span class='ocrx_word' id='word_1_230' title='bbox 739 4255 780 4300; x_wconf 90' lang='lat' dir='ltr'><strong>e</strong></span> <span class='ocrx_word' id='word_1_231' title='bbox 816 4232 1195 4324; x_wconf 86' lang='lat' dir='ltr'><strong>longinquo</strong></span> <span class='ocrx_word' id='word_1_232' title='bbox 1225 4233 1383 4324; x_wconf 86' lang='lat' dir='ltr'><strong>plus</strong></span> <span class='ocrx_word' id='word_1_233' title='bbox 1420 4232 1620 4300; x_wconf 87' lang='lat' dir='ltr'><strong>etiam</strong></span> <span class='ocrx_word' id='word_1_234' title='bbox 1635 4280 1657 4318; x_wconf 88' lang='lat'>‚</span> <span class='ocrx_word' id='word_1_235' title='bbox 1711 4255 1917 4323; x_wconf 87' lang='lat' dir='ltr'><strong>quam</strong></span> <span class='ocrx_word' id='word_1_236' title='bbox 1940 4232 2282 4316; x_wconf 85' lang='lat' dir='ltr'><strong>voluerat,</strong></span> <span class='ocrx_word' id='word_1_237' title='bbox 2335 4226 2633 4298; x_wconf 79' lang='lat' dir='ltr'><strong>audivis-</strong></span> 
     </span>
     <span class='ocr_line' id='line_1_35' title="bbox 391 4330 2637 4428; baseline -0.004 -23"><span class='ocrx_word' id='word_1_238' title='bbox 391 4346 523 4421; x_wconf 85' lang='lat' dir='ltr'><strong>set,</strong></span> <span class='ocrx_word' id='word_1_239' title='bbox 592 4334 830 4405; x_wconf 87' lang='lat' dir='ltr'><strong>laudat</strong></span> <span class='ocrx_word' id='word_1_240' title='bbox 878 4358 1165 4405; x_wconf 87' lang='lat' dir='ltr'><strong>asserem</strong></span> <span class='ocrx_word' id='word_1_241' title='bbox 1184 4384 1205 4422; x_wconf 89' lang='lat'>,</span> <span class='ocrx_word' id='word_1_242' title='bbox 1275 4359 1404 4428; x_wconf 90' lang='lat' dir='ltr'><strong>per</strong></span> <span class='ocrx_word' id='word_1_243' title='bbox 1457 4358 1665 4424; x_wconf 88' lang='lat' dir='ltr'><strong>quem</strong></span> <span class='ocrx_word' id='word_1_244' title='bbox 1723 4357 2033 4427; x_wconf 82' lang='lat' dir='ltr'><strong>compos·</strong></span> <span class='ocrx_word' id='word_1_245' title='bbox 2066 4334 2208 4405; x_wconf 84' lang='lat' dir='ltr'><strong>voti</strong></span> <span class='ocrx_word' id='word_1_246' title='bbox 2250 4334 2468 4401; x_wconf 87' lang='lat' dir='ltr'><strong>factus</strong></span> <span class='ocrx_word' id='word_1_247' title='bbox 2524 4330 2637 4397; x_wconf 66' lang='lat' dir='ltr'><strong>sit.»</strong></span> 
     </span>
     <span class='ocr_line' id='line_1_36' title="bbox 392 4432 2628 4534; baseline -0.005 -25"><span class='ocrx_word' id='word_1_248' title='bbox 392 4438 703 4531; x_wconf 83' lang='lat' dir='ltr'><strong>Denique</strong></span> <span class='ocrx_word' id='word_1_249' title='bbox 744 4439 934 4534; x_wconf 85' lang='lat' dir='ltr'><strong>apud</strong></span> <span class='ocrx_word' id='word_1_250' title='bbox 975 4441 1397 4513; x_wconf 82' lang='lat' dir='ltr'><strong>Priscianum</strong></span> <span class='ocrx_word' id='word_1_251' title='bbox 1430 4440 1557 4512; x_wconf 81' lang='lat' dir='ltr'><strong>sub</strong></span> <span class='ocrx_word' id='word_1_252' title='bbox 1603 4441 1812 4513; x_wconf 79' lang='lat' dir='ltr'><strong>finem</strong></span> <span class='ocrx_word' id='word_1_253' title='bbox 1827 4440 1992 4512; x_wconf 82' lang='lat' dir='ltr'><strong>libri</strong></span> <span class='ocrx_word' id='word_1_254' title='bbox 2037 4437 2158 4514; x_wconf 86' lang='lat' dir='ltr'><strong>lx.</strong></span> <span class='ocrx_word' id='word_1_255' title='bbox 2211 4459 2285 4530; x_wconf 62' lang='grc' dir='ltr'><strong>ῃ.</strong></span> <span class='ocrx_word' id='word_1_256' title='bbox 2322 4432 2495 4505; x_wconf 73' lang='grc' dir='ltr'><strong>8Ί4.</strong></span> <span class='ocrx_word' id='word_1_257' title='bbox 2518 4432 2628 4501; x_wconf 61' lang='lat' dir='ltr'><strong>‚ita</strong></span> 
     </span>
    </p>
   </div>
  </div>
 </body>
</html>
