3325 5317
688 498 780 561 sa
864 494 978 576 or„
1030 490 1440 553 Luem-vs
1497 487 2059 567 vavsoAM
2097 451 2873 551 'SVBTILIORIBVS

691 661 1028 758 nazareo,
1090 664 1440 737 manifesto
1481 662 1761 734 vitiosus
1814 670 1917 731 est
1956 661 2333 753 optativus,
2393 669 2471 729 ut
2510 659 2580 729 in
2623 683 2703 731 re
2742 668 2931 733 certo

695 773 941 842 futura.

902 870 1236 960 Reliquae
1260 876 1409 939 suut
1438 868 1616 938 duae
1645 868 1820 937 aliae
1860 867 2188 958 loquendi
2223 867 2487 936 formae
2500 914 2521 950 ,
2573 865 2664 933 de
2690 851 2933 954 quibus

696 971 1018 1049 monendi
1057 976 1305 1044 tirones
1344 973 1493 1047 sint,
1596 974 1751 1042 Vna
1792 973 2083 1043 cernitur
2121 972 2190 1039 in
2227 970 2575 1062 particulis
2619 965 2750 1042 ὅτε
2797 995 2899 1061 μη
2901 1022 2929 1057 ,

696 1103 980 1173 quarum
1038 1077 1354 1170 exempla
1389 1075 1565 1182 haec
1606 1085 1761 1144 sunt
1798 1076 1989 1168 apud
2027 1075 2440 1145 Homerum·
2504 1074 2588 1146 11.
2644 1098 2708 1145 ν.
2756 1070 2930 1139 317.

698 1178 878 1258 αἰπύ
924 1188 998 1256 οἱ
1033 1185 1384 1265 ἐσσεῖται,
1400 1169 1635 1272 μάλα
1668 1179 1804 1274 πὲρ
1834 1177 2179 1272 μεμαῶτι
2215 1172 2632 1272 μα’χεσθαι,
2683 1173 2934 1247 κείνων

695 1281 1074 1406 νικήσαντι
1114 1285 1330 1375 με’νος
1371 1281 1492 1355 καὶ
1545 1289 1788 1379 χεῖρας
1833 1276 2205 1369 ἀάπτους,
2286 1281 2461 1403 νῆας
2518 1277 2930 1397 ἐνιπρῆσαι,

698 1385 826 1464 ὅτε
884 1414 987 1485 μη
1048 1380 1268 1467 αὐτός
1323 1412 1405 1479 γε
1465 1385 1838 1506 Κρονίων
1874 1377 2185 1476 ἐμβάλοι
2245 1377 2651 1475 αἰθόμενον
2712 1372 2933 1453 δαλόν

695 1486 942 1588 νήεσσι
982 1488 1270 1585 θοῇσιν.
1324 1498 1378 1571 ξ.
1422 1485 1596 1555 247.
1637 1480 1908 1610 Ζηνός
1910 1482 1984 1559 δ’
2018 1483 2144 1558 οὐκ
2175 1513 2268 1558 αν
2298 1482 2937 1607 ἕγωγεΚρονίονος

696 1589 927 1667 ασσον
968 1592 1289 1686 ἱκοίμην,
1371 1586 1538 1664 οὐδὲ
1595 1582 2153 1685 κατευνήσαιμ’,
2238 1584 2365 1660 ὅτε
2417 1580 2526 1683 μή
2586 1579 2811 1667 avt-69
2852 1610 2936 1676 γε

695 1689 997 1770 κελεύοι.
1051 1692 1188 1767 od.
1220 1720 1293 1766 π.
1337 1690 1509 1761 196.
1554 1688 1642 1765 οὐ
1670 1686 1810 1816 γάρ
1854 1717 1997 1772 πως
2049 1689 2142 1764 ἂν
2158 1685 2462 1810 θνητός
2512 1682 2722 1785 ἁνήρ
2756 1680 2936 1759 ταδε

694 1791 1127 1918 μηχανόῳτο
1182 1793 1240 1891 ᾧ
1289 1791 1525 1868 αὐτοῦ
1554 1822 1635 1887 γε
1673 1787 1848 1889 νόω,
1902 1791 2030 1867 ὅτε
2072 1786 2179 1886 μῆ
2227 1787 2400 1874 θεός
2452 1786 2669 1871 αυτός
2720 1793 2935 1863 επελ-

698 1895 860 1974 θων
905 1898 1182 1997 ῥηιδίως
1227 1899 1497 1972 ἐθέλων
1540 1895 1724 1996 θείη
1757 1898 1923 1970 νέον
1970 1892 2053 1992 ἠὲ
2092 1897 2420 1992 γέροντα.
2489 1917 2570 1990 ψ.
2611 1892 2784 1961 184.
2828 1890 2939 1972 τίς

701 2004 787 2076 δέ
812 2027 951 2095 μοι
980 2000 1240 2075 αλλοσε
1281 2000 1466 2094 θῆκε
1489 2001 1730 2090 λέχοςς
1780 1993 2095 2090 χαλεπόν
2140 2000 2223 2071 δι’
2242 2025 2364 2072 κεν
2400 2025 2506 2096 ειη
2518 2051 2547 2086 ,
2599 1996 2722 2068 καὶ
2752 1988 2936 2088 μαλ

700 2103 1154 2199 ἐπισταμένῳ
1197 2100 1345 2177 ὅτε
1354 2129 1458 2195 μη
1507 2097 1683 2183 θεός
1726 2094 1950 2182 αὐτοὶ
1976 2094 2302 2175 ἐπελθών
2335 2099 2620 2200 ρηϊδίως
2664 2100 2938 2173 ἐθέλων

698 2205 869 2303 θείη
901 2205 1077 2303 ἄλλῃ
1110 2204 1214 2282 ε’νὶ
1241 2231 1454 2302 χωρῃ.
1556 2207 1666 2275 Ex
1714 2204 1843 2291 his,
1893 2227 2070 2294 quae
2103 2204 2343 2296 paullo
2371 2213 2526 2272 ante
2554 2203 2738 2272 dicta
2764 2209 2940 2285 sunt,

698 2309 909 2378 facile
971 2309 1262 2401 intelligi
1327 2310 1581 2400 poterit
1595 2355 1617 2394 ,
1710 2317 1897 2378 recte
1969 2306 2310 2377 adhibitos
2380 2330 2522 2380 esse
2585 2305 2938 2398 optativos.

699 2413 875 2481 Nam
915 2413 985 2480 in
1031 2413 1223 2480 nullo
1263 2411 1514 2481 horum
1556 2413 1868 2481 locorum
1909 2411 2001 2481 de
2043 2435 2119 2480 re
2159 2432 2380 2480 sermo
2426 2418 2559 2495 est,
2608 2431 2784 2499 quae
2818 2429 2942 2476 ex·-

696 2515 988 2607 spectari
1046 2516 1256 2607 possit
1270 2564 1291 2602 ‚
1373 2516 1496 2585 sed
1543 2516 1612 2583 in
1666 2516 1981 2585 omnibus
2029 2515 2311 2607 fingitur
2372 2513 2667 2605 aliquid,
2730 2511 2941 2601 idque

696 2620 837 2687 tale
854 2668 875 2704 ,
957 2619 1148 2707 quod
1216 2630 1611 2689 eventurum
1676 2643 1820 2687 esse
1902 2641 1991 2686 ne
2057 2618 2394 2688 credibile
2471 2616 2750 2714 quidem
2833 2614 2936 2683 sit.

701 2721 1166 2806 Quamobrem
1190 2722 1404 2790 miror
1420 2770 1441 2808 ‚
1492 2720 1682 2810 quod
1713 2720 2208 2791 Thierschius
2166 2769 2187 2806 ‚
2241 2721 2407 2789 dum
2444 2742 2695 2811 anceps
2738 2716 2942 2787 animi

702 2825 963 2915 pendet
998 2846 1070 2914 p.
1108 2822 1181 2891 8.
1215 2824 1508 2913 denique
1540 2846 1624 2891 eo
1665 2824 1974 2909 inclinat,
2024 2833 2103 2892 ut
2147 2824 2402 2914 ubique
2439 2824 2940 2895 coniunctivum

609 2929 951 3019 20reponi
989 2927 1172 2995 velit.
1276 2926 1463 3011 Quas
1507 2927 1798 2996 rationes
1840 2926 2077 3011 affert,
2131 2950 2361 2995 earum
2404 2930 2663 3019 prima,
2746 2926 2940 3016 quod

697 3053 827 3123 per
859 3027 983 3106 ὅτε
1017 3028 1316 3099 conditio
1357 3031 1724 3115 indicetur,
1774 3053 1910 3120 qua
1946 3031 2257 3116 tollatur,
2309 3032 2499 3120 quod
2545 3052 2941 3123 praecesse-

696 3135 821 3219 rit,
897 3156 981 3201 ea
1036 3156 1176 3201 non
1228 3133 1432 3202 video
1482 3156 1802 3224 quorsum
1862 3134 2121 3203 valeat:
2186 3158 2344 3203 nam
2383 3135 2551 3203 *talis
2611 3133 2938 3218 conditio,

698 3236 909 3305 modo
955 3230 1064 3329 μή
1108 3236 1447 3305 adiectum
1474 3239 1590 3323 sit,
1660 3238 1914 3323 aderit,
1983 3238 2391 3328 quicumque
2448 3238 2641 3307 verbi
2691 3237 2939 3307 modus

697 3336 1137 3407 adhibeatur:
1187 3340 1399 3408 altera
1445 3349 1708 3425 autem3
1737 3340 1948 3430 *quod
1977 3342 2383 3433 Apollonius
2412 3341 2729 3410 Rhodius
2744 3389 2768 3427 ‚
2818 3340 2939 3430 qui

695 3443 947 3533 ubique
976 3442 1263 3511 Homeri
1298 3444 1585 3535 vestigia
1618 3444 1845 3534 legat,
1892 3446 2369 3516 coniunctivos'
2392 3446 2564 3514 tueri
2606 3444 2939 3533 videatur,

681 3569 833 3616 non
877 3569 1012 3615 una
1055 3568 1137 3614 ex
1192 3557 1386 3637 parte
1434 3547 1725 3615 laborat.
1851 3548 2152 3616 Primum
2214 3550 2392 3617 enim
2430 3556 2689 3618 tantum
2728 3550 2939 3634 abest,

694 3661 771 3722 ut
799 3649 1205 3740 Apollonius
1239 3649 1568 3718 Rhodius·
1595 3650 1977 3718 Homerum
2015 3653 2269 3740 ubique
2314 3661 2640 3738 sectetur,
2690 3660 2768 3720 ut
2794 3652 2938 3721 eius

698 3755 912 3821 oratio
961 3755 1048 3821 ab
1093 3754 1464 3825 Homerica
1484 3753 1731 3822 mirum
1768 3762 2092 3843 quantum
2133 3755 2503 3846 discrepet:
2552 3754 2645 3823 de
2683 3777 2818 3844 qua
2861 3776 2941 3824 re

697 3857 814 3945 qui
857 3856 1055 3946 plura
1072 3904 1092 3939 ‚
1122 3927 1133 3932 ,
1158 3880 1365 3945 quam
1417 3880 1594 3947 quae
1644 3857 1864 3925 obiter
1919 3857 2232 3949 inspectis
2288 3859 2633 3947 utriusque
2682 3866 2935 3950 poetae

697 3959 1098 4027 carminibus
1141 3962 1551 4030 occurrerint
1592 3960 1842 4029 afferre
1886 3961 2052 4030 velit
2065 4010 2086 4047 ‚
2151 3962 2306 4030 satis
2342 3984 2672 4054 magnum
2725 3961 2937 4055 possit

699 4063 948 4130 librum
1012 4064 1456 4132 conscribere.
1573 4064 1842 4158 Deinde
1900 4067 2085 4155 (non
2144 4066 2323 4134 enim
2375 4067 2715 4137 contendo
2765 4064 2938 4135 nihil

701 4164 1149 4257 Apollonium
1192 4188 1275 4235 ex
1323 4167 1634 4235 Homero
1679 4168 2013 4254 hausisse,
2078 4168 2199 4239 sed
2252 4171 2361 4238 aio
2420 4170 2748 4262 plurima)
2813 4177 2936 4254 est,

697 4271 816 4339 ubi
855 4269 1210 4359 Apollonii
1247 4271 1604 4339 auctoritas
1645 4272 1906 4362 aliquid
1941 4273 2246 4343 conferat
2293 4274 2385 4342 ad
2428 4275 2713 4343 Homeri
2739 4293 2939 4342 usum

697 4370 1288 4466 cognoscendum3
1342 4383 1442 4442 est
1485 4396 1646 4441 vero
1699 4379 1902 4444 etiam
1915 4424 1936 4461 ‚
1987 4377 2108 4444 ubi
2147 4376 2316 4446 nihil
2345 4378 2643 4446 utilitatis
2669 4369 2937 4464 afferat,

698 4477 859 4566 quia
889 4477 1007 4545 ille
1035 4497 1174 4544 non
1208 4476 1460 4568 ubique
1501 4486 1689 4551 recte
1717 4479 2099 4549 Homerum
2136 4480 2379 4549 imitari
2402 4480 2682 4549 videtur.
2786 4481 2935 4550 De-
