<?xml version="1.0" encoding="UTF-8"?>
<!DOCTYPE html PUBLIC "-//W3C//DTD XHTML 1.0 Transitional//EN"
    "http://www.w3.org/TR/xhtml1/DTD/xhtml1-transitional.dtd">
<html xmlns="http://www.w3.org/1999/xhtml" xml:lang="en" lang="en">
 <head>
  <title>
</title>
<meta http-equiv="Content-Type" content="text/html;charset=utf-8" />
  <meta name='ocr-system' content='tesseract 3.04.00' />
  <meta name='ocr-capabilities' content='ocr_page ocr_carea ocr_par ocr_line ocrx_word'/>
</head>
<body>
  <div class='ocr_page' id='page_1' title='image "./godofrediherman01fritgoog_0110.png"; bbox 0 0 3325 5317; ppageno 0'>
   <div class='ocr_carea' id='block_1_1' title="bbox 727 469 2362 541">
    <p class='ocr_par' dir='ltr' id='par_1_1' title="bbox 727 469 2362 541">
     <span class='ocr_line' id='line_1_1' title="bbox 727 469 2362 541; baseline -0.005 0"><span class='ocrx_word' id='word_1_1' title='bbox 727 473 857 541; x_wconf 63' lang='lat'><strong>104</strong></span> <span class='ocrx_word' id='word_1_2' title='bbox 1307 470 1429 538; x_wconf 74' lang='lat' dir='ltr'><strong>DE</strong></span> <span class='ocrx_word' id='word_1_3' title='bbox 1478 469 1957 536; x_wconf 73' lang='lat' dir='ltr'><strong>AEscHYLI</strong></span> <span class='ocrx_word' id='word_1_4' title='bbox 2009 470 2362 536; x_wconf 70' lang='lat' dir='ltr'><strong>mmsis.</strong></span> 
     </span>
    </p>
   </div>
   <div class='ocr_carea' id='block_1_2' title="bbox 563 640 2957 2286">
    <p class='ocr_par' dir='ltr' id='par_1_2' title="bbox 721 640 2956 1254">
     <span class='ocr_line' id='line_1_2' title="bbox 721 640 2954 740; baseline -0 -25"><span class='ocrx_word' id='word_1_5' title='bbox 721 642 1111 740; x_wconf 65' lang='lat' dir='ltr'><strong>ingeniique</strong></span> <span class='ocrx_word' id='word_1_6' title='bbox 1138 641 1442 716; x_wconf 84' lang='lat' dir='ltr'><strong>sollertia</strong></span> <span class='ocrx_word' id='word_1_7' title='bbox 1479 643 1913 715; x_wconf 79' lang='lat' dir='ltr'><strong>excellentior</strong></span> <span class='ocrx_word' id='word_1_8' title='bbox 1926 695 1950 735; x_wconf 90' lang='lat'>‚</span> <span class='ocrx_word' id='word_1_9' title='bbox 1999 643 2123 715; x_wconf 87' lang='lat' dir='ltr'><strong>sed</strong></span> <span class='ocrx_word' id='word_1_10' title='bbox 2159 640 2605 715; x_wconf 80' lang='lat' dir='ltr'><strong>venerabilior</strong></span> <span class='ocrx_word' id='word_1_11' title='bbox 2644 642 2848 713; x_wconf 82' lang='lat' dir='ltr'><strong>etiam</strong></span> <span class='ocrx_word' id='word_1_12' title='bbox 2873 643 2954 714; x_wconf 82' lang='lat' dir='ltr'><strong>iis</strong></span> 
     </span>
     <span class='ocr_line' id='line_1_3' title="bbox 726 745 2953 841; baseline -0.001 -22"><span class='ocrx_word' id='word_1_13' title='bbox 726 749 1076 819; x_wconf 80' lang='lat' dir='ltr'><strong>virtutibus</strong></span> <span class='ocrx_word' id='word_1_14' title='bbox 1124 756 1304 834; x_wconf 86' lang='lat' dir='ltr'><strong>erat,</strong></span> <span class='ocrx_word' id='word_1_15' title='bbox 1368 747 1614 839; x_wconf 88' lang='lat' dir='ltr'><strong>quibus</strong></span> <span class='ocrx_word' id='word_1_16' title='bbox 1666 748 2040 841; x_wconf 88' lang='lat' dir='ltr'><strong>praecipue</strong></span> <span class='ocrx_word' id='word_1_17' title='bbox 2099 746 2394 817; x_wconf 84' lang='lat' dir='ltr'><strong>hominis</strong></span> <span class='ocrx_word' id='word_1_18' title='bbox 2447 745 2740 840; x_wconf 76' lang='lat' dir='ltr'><strong>dignitas</strong></span> <span class='ocrx_word' id='word_1_19' title='bbox 2780 769 2953 818; x_wconf 87' lang='lat' dir='ltr'><strong>con·-</strong></span> 
     </span>
     <span class='ocr_line' id='line_1_4' title="bbox 722 850 2956 944; baseline -0.001 -22"><span class='ocrx_word' id='word_1_20' title='bbox 722 852 989 922; x_wconf 67' lang='lat' dir='ltr'><strong>tinetun</strong></span> <span class='ocrx_word' id='word_1_21' title='bbox 1084 850 1304 921; x_wconf 87' lang='lat' dir='ltr'><strong>Iustus</strong></span> <span class='ocrx_word' id='word_1_22' title='bbox 1344 851 1467 921; x_wconf 86' lang='lat' dir='ltr'><strong>ille</strong></span> <span class='ocrx_word' id='word_1_23' title='bbox 1506 873 1677 944; x_wconf 78' lang='lat' dir='ltr'><strong>erga</strong></span> <span class='ocrx_word' id='word_1_24' title='bbox 1718 871 1985 938; x_wconf 85' lang='lat' dir='ltr'><strong>omnes,</strong></span> <span class='ocrx_word' id='word_1_25' title='bbox 2032 850 2103 919; x_wconf 91' lang='lat' dir='ltr'><strong>in</strong></span> <span class='ocrx_word' id='word_1_26' title='bbox 2147 850 2421 923; x_wconf 82' lang='lat' dir='ltr'><strong>inimico</strong></span> <span class='ocrx_word' id='word_1_27' title='bbox 2459 850 2715 942; x_wconf 86' lang='lat' dir='ltr'><strong>pariter</strong></span> <span class='ocrx_word' id='word_1_28' title='bbox 2750 859 2956 940; x_wconf 87' lang='grc'><strong>81888</strong></span> 
     </span>
     <span class='ocr_line' id='line_1_5' title="bbox 726 952 2954 1045; baseline -0.001 -20"><span class='ocrx_word' id='word_1_29' title='bbox 726 956 951 1025; x_wconf 84' lang='lat' dir='ltr'><strong>amico</strong></span> <span class='ocrx_word' id='word_1_30' title='bbox 991 952 1351 1041; x_wconf 88' lang='lat' dir='ltr'><strong>laudabat,</strong></span> <span class='ocrx_word' id='word_1_31' title='bbox 1427 976 1606 1043; x_wconf 88' lang='grc'><strong>8888</strong></span> <span class='ocrx_word' id='word_1_32' title='bbox 1660 953 2006 1023; x_wconf 84' lang='lat' dir='ltr'><strong>laudanda</strong></span> <span class='ocrx_word' id='word_1_33' title='bbox 2061 962 2312 1039; x_wconf 83' lang='grc'><strong>833881,</strong></span> <span class='ocrx_word' id='word_1_34' title='bbox 2358 952 2954 1045; x_wconf 59' lang='lat' dir='ltr'><strong>reprehendebat,</strong></span> 
     </span>
     <span class='ocr_line' id='line_1_6' title="bbox 724 1001 2954 1150; baseline -0 -22"><span class='ocrx_word' id='word_1_35' title='bbox 724 1080 904 1149; x_wconf 88' lang='lat' dir='ltr'><strong>quae</strong></span> <span class='ocrx_word' id='word_1_36' title='bbox 939 1056 1540 1150; x_wconf 80' lang='lat' dir='ltr'><strong>reprehendenda3</strong></span> <span class='ocrx_word' id='word_1_37' title='bbox 1617 1066 1922 1127; x_wconf 84' lang='grc'><strong>31188883</strong></span> <span class='ocrx_word' id='word_1_38' title='bbox 1973 1057 2048 1126; x_wconf 88' lang='grc'><strong>18</strong></span> <span class='ocrx_word' id='word_1_39' title='bbox 2098 1001 2424 1128; x_wconf 82' lang='lat' dir='ltr'><strong>servanda</strong></span> <span class='ocrx_word' id='word_1_40' title='bbox 2463 1055 2646 1142; x_wconf 82' lang='lat' dir='ltr'><strong>fide,</strong></span> <span class='ocrx_word' id='word_1_41' title='bbox 2693 1056 2954 1127; x_wconf 86' lang='lat' dir='ltr'><strong>nullam</strong></span> 
     </span>
     <span class='ocr_line' id='line_1_7' title="bbox 725 1158 2954 1254; baseline -0.001 -24"><span class='ocrx_word' id='word_1_42' title='bbox 725 1159 1148 1234; x_wconf 76' lang='lat' dir='ltr'><strong>detrectabat</strong></span> <span class='ocrx_word' id='word_1_43' title='bbox 1183 1159 1600 1243; x_wconf 78' lang='lat' dir='ltr'><strong>molestiam3</strong></span> <span class='ocrx_word' id='word_1_44' title='bbox 1647 1160 2186 1254; x_wconf 85' lang='lat' dir='ltr'><strong>promptissimus</strong></span> <span class='ocrx_word' id='word_1_45' title='bbox 2227 1160 2300 1229; x_wconf 89' lang='lat' dir='ltr'><strong>in</strong></span> <span class='ocrx_word' id='word_1_46' title='bbox 2345 1158 2740 1229; x_wconf 82' lang='lat' dir='ltr'><strong>adiuvandis</strong></span> <span class='ocrx_word' id='word_1_47' title='bbox 2787 1159 2954 1246; x_wconf 89' lang='grc'><strong>81113,</strong></span> 
     </span>
    </p>

    <p class='ocr_par' dir='ltr' id='par_1_3' title="bbox 563 1262 2956 2286">
     <span class='ocr_line' id='line_1_8' title="bbox 685 1262 2954 1357; baseline -0.001 -24"><span class='ocrx_word' id='word_1_48' title='bbox 685 1263 920 1341; x_wconf 61' lang='lat' dir='ltr'><strong>,nullo</strong></span> <span class='ocrx_word' id='word_1_49' title='bbox 971 1285 1130 1345; x_wconf 85' lang='grc'><strong>1188-</strong></span> <span class='ocrx_word' id='word_1_50' title='bbox 1161 1263 1569 1357; x_wconf 76' lang='lat' dir='ltr'><strong>dignationis</strong></span> <span class='ocrx_word' id='word_1_51' title='bbox 1614 1286 1746 1336; x_wconf 91' lang='lat' dir='ltr'><strong>nec</strong></span> <span class='ocrx_word' id='word_1_52' title='bbox 1778 1264 2088 1333; x_wconf 87' lang='grc'><strong>80(11188</strong></span> <span class='ocrx_word' id='word_1_53' title='bbox 2141 1262 2557 1348; x_wconf 84' lang='lat' dir='ltr'><strong>discrimine,</strong></span> <span class='ocrx_word' id='word_1_54' title='bbox 2625 1263 2954 1332; x_wconf 83' lang='lat' dir='ltr'><strong>maximos</strong></span> 
     </span>
     <span class='ocr_line' id='line_1_9' title="bbox 563 1356 2952 1452; baseline -0.001 -15"><span class='ocrx_word' id='word_1_55' title='bbox 563 1356 570 1363; x_wconf 51' lang='lat'><em>⁰</em></span> <span class='ocrx_word' id='word_1_56' title='bbox 724 1366 907 1438; x_wconf 87' lang='lat' dir='ltr'><strong>ultro</strong></span> <span class='ocrx_word' id='word_1_57' title='bbox 946 1366 1216 1437; x_wconf 85' lang='lat' dir='ltr'><strong>subibat</strong></span> <span class='ocrx_word' id='word_1_58' title='bbox 1242 1369 1544 1448; x_wconf 84' lang='grc'><strong>18110183;</strong></span> <span class='ocrx_word' id='word_1_59' title='bbox 1616 1367 1708 1436; x_wconf 93' lang='grc'><strong>811</strong></span> <span class='ocrx_word' id='word_1_60' title='bbox 1752 1368 1938 1437; x_wconf 88' lang='grc'><strong>01881</strong></span> <span class='ocrx_word' id='word_1_61' title='bbox 1989 1366 2168 1435; x_wconf 85' lang='lat' dir='ltr'><strong>fastu</strong></span> <span class='ocrx_word' id='word_1_62' title='bbox 2213 1376 2284 1436; x_wconf 89' lang='grc'><strong>81</strong></span> <span class='ocrx_word' id='word_1_63' title='bbox 2332 1366 2626 1436; x_wconf 79' lang='lat' dir='ltr'><strong>vanitate</strong></span> <span class='ocrx_word' id='word_1_64' title='bbox 2672 1367 2952 1452; x_wconf 89' lang='lat' dir='ltr'><strong>alienus,</strong></span> 
     </span>
     <span class='ocr_line' id='line_1_10' title="bbox 590 1468 2955 1561; baseline -0 -22"><span class='ocrx_word' id='word_1_65' title='bbox 590 1498 595 1503; x_wconf 91' lang='grc'><em>·</em></span> <span class='ocrx_word' id='word_1_66' title='bbox 722 1492 947 1560; x_wconf 89' lang='grc'><strong>88888</strong></span> <span class='ocrx_word' id='word_1_67' title='bbox 986 1468 1447 1540; x_wconf 73' lang='lat' dir='ltr'><strong>admirabatur</strong></span> <span class='ocrx_word' id='word_1_68' title='bbox 1482 1477 1797 1561; x_wconf 89' lang='lat' dir='ltr'><strong>potentes</strong></span> <span class='ocrx_word' id='word_1_69' title='bbox 1820 1518 1844 1557; x_wconf 88' lang='lat'>‚</span> <span class='ocrx_word' id='word_1_70' title='bbox 1906 1492 2131 1561; x_wconf 85' lang='lat' dir='ltr'><strong>neque</strong></span> <span class='ocrx_word' id='word_1_71' title='bbox 2162 1470 2557 1561; x_wconf 82' lang='lat' dir='ltr'><strong>cuiusquam</strong></span> <span class='ocrx_word' id='word_1_72' title='bbox 2599 1468 2779 1539; x_wconf 88' lang='lat' dir='ltr'><strong>adeo</strong></span> <span class='ocrx_word' id='word_1_73' title='bbox 2817 1469 2955 1538; x_wconf 88' lang='lat' dir='ltr'><strong>hn-</strong></span> 
     </span>
     <span class='ocr_line' id='line_1_11' title="bbox 721 1571 2956 1665; baseline -0.002 -21"><span class='ocrx_word' id='word_1_74' title='bbox 721 1573 953 1644; x_wconf 86' lang='lat' dir='ltr'><strong>milem</strong></span> <span class='ocrx_word' id='word_1_75' title='bbox 987 1574 1282 1665; x_wconf 84' lang='lat' dir='ltr'><strong>putabat-</strong></span> <span class='ocrx_word' id='word_1_76' title='bbox 1311 1572 1770 1644; x_wconf 85' lang='lat' dir='ltr'><strong>conditionem</strong></span> <span class='ocrx_word' id='word_1_77' title='bbox 1825 1595 2005 1660; x_wconf 87' lang='grc'><strong>8338,</strong></span> <span class='ocrx_word' id='word_1_78' title='bbox 2068 1571 2230 1663; x_wconf 86' lang='grc'><strong>8818</strong></span> <span class='ocrx_word' id='word_1_79' title='bbox 2277 1574 2343 1642; x_wconf 88' lang='grc'><strong>81</strong></span> <span class='ocrx_word' id='word_1_80' title='bbox 2389 1582 2460 1665; x_wconf 84' lang='grc'><strong>81</strong></span> <span class='ocrx_word' id='word_1_81' title='bbox 2506 1571 2752 1641; x_wconf 90' lang='lat' dir='ltr'><strong>eadem</strong></span> <span class='ocrx_word' id='word_1_82' title='bbox 2790 1572 2956 1641; x_wconf 86' lang='lat' dir='ltr'><strong>offi-</strong></span> 
     </span>
     <span class='ocr_line' id='line_1_12' title="bbox 721 1674 2954 1768; baseline -0.001 -20"><span class='ocrx_word' id='word_1_83' title='bbox 721 1677 869 1765; x_wconf 88' lang='lat' dir='ltr'><strong>cia,</strong></span> <span class='ocrx_word' id='word_1_84' title='bbox 922 1686 993 1746; x_wconf 87' lang='lat' dir='ltr'><strong>et</strong></span> <span class='ocrx_word' id='word_1_85' title='bbox 1016 1675 1169 1767; x_wconf 87' lang='lat' dir='ltr'><strong>pari</strong></span> <span class='ocrx_word' id='word_1_86' title='bbox 1204 1697 1364 1746; x_wconf 90' lang='grc'><strong>8818</strong></span> <span class='ocrx_word' id='word_1_87' title='bbox 1385 1674 1829 1765; x_wconf 76' lang='lat' dir='ltr'><strong>humanitate,</strong></span> <span class='ocrx_word' id='word_1_88' title='bbox 1877 1685 1961 1745; x_wconf 87' lang='grc'><strong>88</strong></span> <span class='ocrx_word' id='word_1_89' title='bbox 1989 1675 2698 1766; x_wconf 83' lang='lat' dir='ltr'><strong>nobilissimocnique,</strong></span> <span class='ocrx_word' id='word_1_90' title='bbox 2747 1698 2954 1768; x_wconf 87' lang='lat' dir='ltr'><strong>prae-</strong></span> 
     </span>
     <span class='ocr_line' id='line_1_13' title="bbox 721 1778 2955 1873; baseline 0 -24"><span class='ocrx_word' id='word_1_91' title='bbox 721 1787 959 1861; x_wconf 81' lang='lat' dir='ltr'><strong>staret3</strong></span> <span class='ocrx_word' id='word_1_92' title='bbox 1020 1778 1321 1848; x_wconf 85' lang='lat' dir='ltr'><strong>liberalis</strong></span> <span class='ocrx_word' id='word_1_93' title='bbox 1367 1787 1437 1848; x_wconf 92' lang='lat' dir='ltr'><strong>et</strong></span> <span class='ocrx_word' id='word_1_94' title='bbox 1479 1778 1568 1847; x_wconf 89' lang='grc'><strong>811</strong></span> <span class='ocrx_word' id='word_1_95' title='bbox 1607 1778 1782 1850; x_wconf 88' lang='grc'><strong>18811</strong></span> <span class='ocrx_word' id='word_1_96' title='bbox 1816 1779 2184 1873; x_wconf 86' lang='grc'><strong>88111(111818</strong></span> <span class='ocrx_word' id='word_1_97' title='bbox 2221 1780 2542 1865; x_wconf 73' lang='lat' dir='ltr'><strong>intactae,</strong></span> <span class='ocrx_word' id='word_1_98' title='bbox 2607 1801 2955 1850; x_wconf 83' lang='lat' dir='ltr'><strong>succurre·</strong></span> 
     </span>
     <span class='ocr_line' id='line_1_14' title="bbox 719 1881 2954 1976; baseline -0 -24"><span class='ocrx_word' id='word_1_99' title='bbox 719 1881 844 1952; x_wconf 88' lang='lat' dir='ltr'><strong>bat</strong></span> <span class='ocrx_word' id='word_1_100' title='bbox 858 1928 881 1968; x_wconf 89' lang='lat'>‚</span> <span class='ocrx_word' id='word_1_101' title='bbox 929 1902 1364 1973; x_wconf 88' lang='lat' dir='ltr'><strong>quocumque</strong></span> <span class='ocrx_word' id='word_1_102' title='bbox 1404 1882 1617 1953; x_wconf 89' lang='lat' dir='ltr'><strong>modo</strong></span> <span class='ocrx_word' id='word_1_103' title='bbox 1666 1891 1934 1974; x_wconf 88' lang='lat' dir='ltr'><strong>posset,</strong></span> <span class='ocrx_word' id='word_1_104' title='bbox 1984 1883 2377 1976; x_wconf 79' lang='lat' dir='ltr'><strong>egentibus,</strong></span> <span class='ocrx_word' id='word_1_105' title='bbox 2426 1882 2675 1954; x_wconf 83' lang='lat' dir='ltr'><strong>acerbe</strong></span> <span class='ocrx_word' id='word_1_106' title='bbox 2715 1891 2954 1951; x_wconf 82' lang='lat' dir='ltr'><strong>notans</strong></span> 
     </span>
     <span class='ocr_line' id='line_1_15' title="bbox 724 1985 2956 2108; baseline 0 -53"><span class='ocrx_word' id='word_1_107' title='bbox 724 2006 997 2070; x_wconf 84' lang='lat' dir='ltr'><strong>avaros,</strong></span> <span class='ocrx_word' id='word_1_108' title='bbox 1064 1993 1187 2054; x_wconf 88' lang='lat' dir='ltr'><strong>aut</strong></span> <span class='ocrx_word' id='word_1_109' title='bbox 1244 1985 1303 2054; x_wconf 88' lang='grc'><strong>31</strong></span> <span class='ocrx_word' id='word_1_110' title='bbox 1353 1986 1502 2074; x_wconf 88' lang='grc'><strong>8813</strong></span> <span class='ocrx_word' id='word_1_111' title='bbox 1516 2033 1540 2072; x_wconf 97' lang='grc'><strong>,</strong></span> <span class='ocrx_word' id='word_1_112' title='bbox 1606 2008 1849 2056; x_wconf 85' lang='grc'><strong>881881</strong></span> <span class='ocrx_word' id='word_1_113' title='bbox 1909 1989 2169 2108; x_wconf 87' lang='lat' dir='ltr'><strong>probro</strong></span> <span class='ocrx_word' id='word_1_114' title='bbox 2222 2008 2453 2057; x_wconf 88' lang='lat' dir='ltr'><strong>emere</strong></span> <span class='ocrx_word' id='word_1_115' title='bbox 2504 2006 2645 2055; x_wconf 88' lang='lat' dir='ltr'><strong>non</strong></span> <span class='ocrx_word' id='word_1_116' title='bbox 2707 1986 2956 2055; x_wconf 89' lang='lat' dir='ltr'><strong>erube-</strong></span> 
     </span>
     <span class='ocr_line' id='line_1_16' title="bbox 722 2083 2953 2211; baseline -0 -50"><span class='ocrx_word' id='word_1_117' title='bbox 722 2110 950 2174; x_wconf 84' lang='lat' dir='ltr'><strong>scens,</strong></span> <span class='ocrx_word' id='word_1_118' title='bbox 1012 2110 1098 2157; x_wconf 82' lang='lat' dir='ltr'><strong>ex</strong></span> <span class='ocrx_word' id='word_1_119' title='bbox 1145 2089 1429 2211; x_wconf 76' lang='lat' dir='ltr'><strong>publica</strong></span> <span class='ocrx_word' id='word_1_120' title='bbox 1494 2088 1881 2161; x_wconf 78' lang='lat' dir='ltr'><strong>calamitate</strong></span> <span class='ocrx_word' id='word_1_121' title='bbox 1920 2083 2224 2185; x_wconf 81' lang='lat' dir='ltr'><strong>privatae</strong></span> <span class='ocrx_word' id='word_1_122' title='bbox 2291 2089 2393 2160; x_wconf 87' lang='grc'><strong>181</strong></span> <span class='ocrx_word' id='word_1_123' title='bbox 2464 2089 2953 2161; x_wconf 89' lang='lat' dir='ltr'><strong>incrementum</strong></span> 
     </span>
     <span class='ocr_line' id='line_1_17' title="bbox 722 2191 2957 2286; baseline -0.001 -23"><span class='ocrx_word' id='word_1_124' title='bbox 722 2200 1058 2285; x_wconf 76' lang='lat' dir='ltr'><strong>captaretz</strong></span> <span class='ocrx_word' id='word_1_125' title='bbox 1119 2193 1384 2284; x_wconf 80' lang='lat' dir='ltr'><strong>quippe</strong></span> <span class='ocrx_word' id='word_1_126' title='bbox 1418 2200 1624 2286; x_wconf 85' lang='lat' dir='ltr'><strong>turpe</strong></span> <span class='ocrx_word' id='word_1_127' title='bbox 1673 2191 2006 2280; x_wconf 87' lang='lat' dir='ltr'><strong>ducebat,</strong></span> <span class='ocrx_word' id='word_1_128' title='bbox 2068 2214 2275 2285; x_wconf 88' lang='grc'><strong>88881</strong></span> <span class='ocrx_word' id='word_1_129' title='bbox 2316 2191 2604 2282; x_wconf 78' lang='lat' dir='ltr'><strong>quisque</strong></span> <span class='ocrx_word' id='word_1_130' title='bbox 2641 2214 2957 2263; x_wconf 79' lang='lat' dir='ltr'><strong>commu-</strong></span> 
     </span>
    </p>
   </div>
   <div class='ocr_carea' id='block_1_3' title="bbox 720 2278 3095 2417">
    <p class='ocr_par' dir='ltr' id='par_1_4' title="bbox 720 2278 3095 2417">
     <span class='ocr_line' id='line_1_18' title="bbox 720 2278 3095 2417; baseline -0 -51"><span class='ocrx_word' id='word_1_131' title='bbox 720 2295 824 2365; x_wconf 90' lang='lat' dir='ltr'><strong>nis</strong></span> <span class='ocrx_word' id='word_1_132' title='bbox 856 2294 1023 2366; x_wconf 90' lang='lat' dir='ltr'><strong>mali</strong></span> <span class='ocrx_word' id='word_1_133' title='bbox 1062 2305 1331 2389; x_wconf 88' lang='lat' dir='ltr'><strong>partem</strong></span> <span class='ocrx_word' id='word_1_134' title='bbox 1383 2294 1565 2365; x_wconf 84' lang='lat' dir='ltr'><strong>ferre</strong></span> <span class='ocrx_word' id='word_1_135' title='bbox 1616 2293 1935 2383; x_wconf 83' lang='lat' dir='ltr'><strong>deberet,</strong></span> <span class='ocrx_word' id='word_1_136' title='bbox 1999 2297 2352 2387; x_wconf 86' lang='lat' dir='ltr'><strong>imponere</strong></span> <span class='ocrx_word' id='word_1_137' title='bbox 2395 2296 2573 2383; x_wconf 86' lang='grc'><strong>81113,</strong></span> <span class='ocrx_word' id='word_1_138' title='bbox 2637 2298 2956 2417; x_wconf 70' lang='lat' dir='ltr'><strong>civesque</strong></span> <span class='ocrx_word' id='word_1_139' title='bbox 3090 2278 3095 2285; x_wconf 44' lang='grc'><strong>’</strong></span> 
     </span>
    </p>
   </div>
   <div class='ocr_carea' id='block_1_4' title="bbox 631 2397 2958 4144">
    <p class='ocr_par' dir='ltr' id='par_1_5' title="bbox 715 2397 2958 3319">
     <span class='ocr_line' id='line_1_19' title="bbox 718 2397 2957 2521; baseline 0 -53"><span class='ocrx_word' id='word_1_140' title='bbox 718 2397 945 2521; x_wconf 80' lang='lat' dir='ltr'><strong>ipsum</strong></span> <span class='ocrx_word' id='word_1_141' title='bbox 981 2420 1136 2468; x_wconf 90' lang='grc'><strong>3803</strong></span> <span class='ocrx_word' id='word_1_142' title='bbox 1160 2397 1452 2469; x_wconf 87' lang='lat' dir='ltr'><strong>reddere</strong></span> <span class='ocrx_word' id='word_1_143' title='bbox 1479 2398 1880 2473; x_wconf 87' lang='lat' dir='ltr'><strong>tributarios.</strong></span> <span class='ocrx_word' id='word_1_144' title='bbox 1983 2398 2172 2485; x_wconf 74' lang='lat' dir='ltr'><strong>Quid</strong></span> <span class='ocrx_word' id='word_1_145' title='bbox 2214 2407 2443 2469; x_wconf 86' lang='lat' dir='ltr'><strong>autem</strong></span> <span class='ocrx_word' id='word_1_146' title='bbox 2484 2398 2734 2485; x_wconf 83' lang='lat' dir='ltr'><strong>dicam,</strong></span> <span class='ocrx_word' id='word_1_147' title='bbox 2782 2398 2957 2468; x_wconf 90' lang='lat' dir='ltr'><strong>ami-</strong></span> 
     </span>
     <span class='ocr_line' id='line_1_20' title="bbox 720 2500 2956 2595; baseline 0 -23"><span class='ocrx_word' id='word_1_148' title='bbox 720 2502 819 2572; x_wconf 87' lang='lat' dir='ltr'><strong>cis</strong></span> <span class='ocrx_word' id='word_1_149' title='bbox 853 2501 1126 2593; x_wconf 86' lang='lat' dir='ltr'><strong>qualem</strong></span> <span class='ocrx_word' id='word_1_150' title='bbox 1167 2526 1242 2572; x_wconf 91' lang='grc'><strong>38</strong></span> <span class='ocrx_word' id='word_1_151' title='bbox 1276 2503 1666 2595; x_wconf 84' lang='lat' dir='ltr'><strong>praebuerit</strong></span> <span class='ocrx_word' id='word_1_152' title='bbox 1683 2502 1719 2571; x_wconf 80' lang='lat'>?</span> <span class='ocrx_word' id='word_1_153' title='bbox 1766 2502 2009 2592; x_wconf 85' lang='lat' dir='ltr'><strong>quibus</strong></span> <span class='ocrx_word' id='word_1_154' title='bbox 2052 2500 2384 2594; x_wconf 85' lang='lat' dir='ltr'><strong>quidquid</strong></span> <span class='ocrx_word' id='word_1_155' title='bbox 2424 2500 2540 2570; x_wconf 88' lang='grc'><strong>181</strong></span> <span class='ocrx_word' id='word_1_156' title='bbox 2585 2502 2956 2575; x_wconf 87' lang='lat' dir='ltr'><strong>secundum</strong></span> 
     </span>
     <span class='ocr_line' id='line_1_21' title="bbox 718 2604 2953 2698; baseline 0.001 -25"><span class='ocrx_word' id='word_1_157' title='bbox 718 2604 835 2674; x_wconf 88' lang='grc'><strong>181</strong></span> <span class='ocrx_word' id='word_1_158' title='bbox 859 2606 1215 2677; x_wconf 84' lang='lat' dir='ltr'><strong>adversum</strong></span> <span class='ocrx_word' id='word_1_159' title='bbox 1240 2605 1580 2677; x_wconf 84' lang='lat' dir='ltr'><strong>accideret</strong></span> <span class='ocrx_word' id='word_1_160' title='bbox 1593 2655 1615 2692; x_wconf 87' lang='lat'>‚</span> <span class='ocrx_word' id='word_1_161' title='bbox 1666 2607 1767 2675; x_wconf 83' lang='lat' dir='ltr'><strong>ita</strong></span> <span class='ocrx_word' id='word_1_162' title='bbox 1810 2606 1900 2674; x_wconf 86' lang='lat' dir='ltr'><strong>ad</strong></span> <span class='ocrx_word' id='word_1_163' title='bbox 1946 2629 2020 2677; x_wconf 84' lang='lat' dir='ltr'><strong>se</strong></span> <span class='ocrx_word' id='word_1_164' title='bbox 2050 2606 2274 2697; x_wconf 88' lang='lat' dir='ltr'><strong>ipsum</strong></span> <span class='ocrx_word' id='word_1_165' title='bbox 2314 2605 2653 2698; x_wconf 88' lang='lat' dir='ltr'><strong>pertinere</strong></span> <span class='ocrx_word' id='word_1_166' title='bbox 2689 2604 2953 2675; x_wconf 88' lang='lat' dir='ltr'><strong>iudica-</strong></span> 
     </span>
     <span class='ocr_line' id='line_1_22' title="bbox 717 2707 2954 2804; baseline 0 -26"><span class='ocrx_word' id='word_1_167' title='bbox 717 2707 841 2778; x_wconf 90' lang='lat' dir='ltr'><strong>bat</strong></span> <span class='ocrx_word' id='word_1_168' title='bbox 858 2755 879 2794; x_wconf 89' lang='lat'>‚</span> <span class='ocrx_word' id='word_1_169' title='bbox 930 2716 1009 2777; x_wconf 88' lang='lat' dir='ltr'><strong>ut</strong></span> <span class='ocrx_word' id='word_1_170' title='bbox 1037 2731 1258 2798; x_wconf 85' lang='lat' dir='ltr'><strong>neque</strong></span> <span class='ocrx_word' id='word_1_171' title='bbox 1281 2708 1352 2776; x_wconf 90' lang='lat' dir='ltr'><strong>in</strong></span> <span class='ocrx_word' id='word_1_172' title='bbox 1378 2710 1725 2801; x_wconf 81' lang='lat' dir='ltr'><strong>prosperis</strong></span> <span class='ocrx_word' id='word_1_173' title='bbox 1757 2710 1957 2778; x_wconf 87' lang='lat' dir='ltr'><strong>rebus</strong></span> <span class='ocrx_word' id='word_1_174' title='bbox 1985 2710 2123 2800; x_wconf 88' lang='lat' dir='ltr'><strong>ipsi</strong></span> <span class='ocrx_word' id='word_1_175' title='bbox 2152 2710 2370 2802; x_wconf 83' lang='lat' dir='ltr'><strong>magis</strong></span> <span class='ocrx_word' id='word_1_176' title='bbox 2396 2708 2701 2804; x_wconf 84' lang='lat' dir='ltr'><strong>gaudere</strong></span> <span class='ocrx_word' id='word_1_177' title='bbox 2726 2709 2954 2795; x_wconf 91' lang='lat' dir='ltr'><strong>amici,</strong></span> 
     </span>
     <span class='ocr_line' id='line_1_23' title="bbox 719 2809 2957 2903; baseline 0.001 -24"><span class='ocrx_word' id='word_1_178' title='bbox 719 2833 928 2902; x_wconf 89' lang='grc'><strong>88818</strong></span> <span class='ocrx_word' id='word_1_179' title='bbox 969 2809 1166 2879; x_wconf 85' lang='lat' dir='ltr'><strong>illum</strong></span> <span class='ocrx_word' id='word_1_180' title='bbox 1219 2809 1543 2880; x_wconf 88' lang='lat' dir='ltr'><strong>laetatum</strong></span> <span class='ocrx_word' id='word_1_181' title='bbox 1593 2811 1898 2880; x_wconf 87' lang='lat' dir='ltr'><strong>viderent</strong></span> <span class='ocrx_word' id='word_1_182' title='bbox 1911 2859 1934 2897; x_wconf 89' lang='lat'>‚</span> <span class='ocrx_word' id='word_1_183' title='bbox 2014 2813 2390 2903; x_wconf 85' lang='lat' dir='ltr'><strong>potuerint,</strong></span> <span class='ocrx_word' id='word_1_184' title='bbox 2469 2836 2598 2884; x_wconf 90' lang='lat' dir='ltr'><strong>nec</strong></span> <span class='ocrx_word' id='word_1_185' title='bbox 2613 2859 2636 2899; x_wconf 86' lang='lat'>‚</span> <span class='ocrx_word' id='word_1_186' title='bbox 2715 2813 2773 2881; x_wconf 89' lang='lat' dir='ltr'><strong>si</strong></span> <span class='ocrx_word' id='word_1_187' title='bbox 2818 2834 2957 2903; x_wconf 87' lang='lat' dir='ltr'><strong>qua</strong></span> 
     </span>
     <span class='ocr_line' id='line_1_24' title="bbox 718 2912 2955 3006; baseline 0.001 -24"><span class='ocrx_word' id='word_1_188' title='bbox 718 2912 1079 3006; x_wconf 74' lang='lat' dir='ltr'><strong>aegritudo</strong></span> <span class='ocrx_word' id='word_1_189' title='bbox 1118 2913 1481 3000; x_wconf 85' lang='lat' dir='ltr'><strong>incideret,</strong></span> <span class='ocrx_word' id='word_1_190' title='bbox 1547 2923 1662 2984; x_wconf 89' lang='lat' dir='ltr'><strong>aut</strong></span> <span class='ocrx_word' id='word_1_191' title='bbox 1703 2913 1773 2981; x_wconf 88' lang='lat' dir='ltr'><strong>in</strong></span> <span class='ocrx_word' id='word_1_192' title='bbox 1816 2915 2232 2985; x_wconf 89' lang='lat' dir='ltr'><strong>consolando</strong></span> <span class='ocrx_word' id='word_1_193' title='bbox 2276 2915 2629 3006; x_wconf 87' lang='lat' dir='ltr'><strong>quisquam</strong></span> <span class='ocrx_word' id='word_1_194' title='bbox 2680 2915 2955 2986; x_wconf 88' lang='lat' dir='ltr'><strong>officio·-</strong></span> 
     </span>
     <span class='ocr_line' id='line_1_25' title="bbox 718 3008 2955 3113; baseline 0.001 -27"><span class='ocrx_word' id='word_1_195' title='bbox 718 3016 889 3103; x_wconf 84' lang='lat' dir='ltr'><strong>sior,</strong></span> <span class='ocrx_word' id='word_1_196' title='bbox 939 3025 1057 3086; x_wconf 87' lang='lat' dir='ltr'><strong>aut</strong></span> <span class='ocrx_word' id='word_1_197' title='bbox 1079 3017 1150 3086; x_wconf 90' lang='lat' dir='ltr'><strong>in</strong></span> <span class='ocrx_word' id='word_1_198' title='bbox 1171 3008 1559 3086; x_wconf 82' lang='lat' dir='ltr'><strong>adiuvando</strong></span> <span class='ocrx_word' id='word_1_199' title='bbox 1600 3016 1941 3086; x_wconf 80' lang='lat' dir='ltr'><strong>sollertior</strong></span> <span class='ocrx_word' id='word_1_200' title='bbox 1978 3019 2330 3113; x_wconf 79' lang='lat' dir='ltr'><strong>magisque</strong></span> <span class='ocrx_word' id='word_1_201' title='bbox 2359 3019 2724 3089; x_wconf 86' lang='lat' dir='ltr'><strong>indefessus</strong></span> <span class='ocrx_word' id='word_1_202' title='bbox 2749 3042 2955 3110; x_wconf 87' lang='lat' dir='ltr'><strong>repe—</strong></span> 
     </span>
     <span class='ocr_line' id='line_1_26' title="bbox 715 3118 2955 3211; baseline -0 -21"><span class='ocrx_word' id='word_1_203' title='bbox 715 3119 976 3190; x_wconf 83' lang='lat' dir='ltr'><strong>riretur.</strong></span> <span class='ocrx_word' id='word_1_204' title='bbox 1096 3119 1284 3206; x_wconf 74' lang='lat' dir='ltr'><strong>Quid</strong></span> <span class='ocrx_word' id='word_1_205' title='bbox 1340 3118 1634 3211; x_wconf 90' lang='lat' dir='ltr'><strong>denique</strong></span> <span class='ocrx_word' id='word_1_206' title='bbox 1687 3118 2034 3191; x_wconf 80' lang='lat' dir='ltr'><strong>familiaris</strong></span> <span class='ocrx_word' id='word_1_207' title='bbox 2089 3121 2579 3194; x_wconf 81' lang='lat' dir='ltr'><strong>consuetudinis</strong></span> <span class='ocrx_word' id='word_1_208' title='bbox 2629 3121 2955 3192; x_wconf 86' lang='lat' dir='ltr'><strong>decoram</strong></span> 
     </span>
     <span class='ocr_line' id='line_1_27' title="bbox 715 3218 2958 3319; baseline 0.002 -29"><span class='ocrx_word' id='word_1_209' title='bbox 715 3221 1122 3292; x_wconf 84' lang='lat' dir='ltr'><strong>hilaritatem</strong></span> <span class='ocrx_word' id='word_1_210' title='bbox 1135 3268 1158 3308; x_wconf 86' lang='lat'>‚</span> <span class='ocrx_word' id='word_1_211' title='bbox 1222 3245 1741 3319; x_wconf 78' lang='lat' dir='ltr'><strong>sermonumque</strong></span> <span class='ocrx_word' id='word_1_212' title='bbox 1788 3225 2115 3294; x_wconf 88' lang='lat' dir='ltr'><strong>urbanam</strong></span> <span class='ocrx_word' id='word_1_213' title='bbox 2158 3226 2587 3298; x_wconf 80' lang='lat' dir='ltr'><strong>dicacitatem</strong></span> <span class='ocrx_word' id='word_1_214' title='bbox 2646 3218 2958 3297; x_wconf 76' lang='lat' dir='ltr'><strong>comme-</strong></span> 
     </span>
    </p>

    <p class='ocr_par' dir='ltr' id='par_1_6' title="bbox 631 3324 2958 4144">
     <span class='ocr_line' id='line_1_28' title="bbox 631 3324 2956 3417; baseline -0 -19"><span class='ocrx_word' id='word_1_215' title='bbox 631 3324 1020 3412; x_wconf 67' lang='grc'><strong>2011101818,</strong></span> <span class='ocrx_word' id='word_1_216' title='bbox 1049 3349 1225 3417; x_wconf 88' lang='lat' dir='ltr'><strong>quae</strong></span> <span class='ocrx_word' id='word_1_217' title='bbox 1251 3327 1610 3396; x_wconf 87' lang='lat' dir='ltr'><strong>coniuncta</strong></span> <span class='ocrx_word' id='word_1_218' title='bbox 1640 3350 1802 3397; x_wconf 90' lang='grc'><strong>8818</strong></span> <span class='ocrx_word' id='word_1_219' title='bbox 1829 3350 2089 3399; x_wconf 89' lang='lat' dir='ltr'><strong>summa</strong></span> <span class='ocrx_word' id='word_1_220' title='bbox 2105 3329 2309 3398; x_wconf 90' lang='lat' dir='ltr'><strong>animi</strong></span> <span class='ocrx_word' id='word_1_221' title='bbox 2329 3329 2703 3400; x_wconf 86' lang='lat' dir='ltr'><strong>sinceritate</strong></span> <span class='ocrx_word' id='word_1_222' title='bbox 2733 3327 2956 3397; x_wconf 89' lang='lat' dir='ltr'><strong>omni-</strong></span> 
     </span>
     <span class='ocr_line' id='line_1_29' title="bbox 714 3428 2957 3524; baseline 0 -23"><span class='ocrx_word' id='word_1_223' title='bbox 714 3431 842 3501; x_wconf 74' lang='lat' dir='ltr'><strong>bus</strong></span> <span class='ocrx_word' id='word_1_224' title='bbox 882 3452 1041 3500; x_wconf 87' lang='lat' dir='ltr'><strong>eum</strong></span> <span class='ocrx_word' id='word_1_225' title='bbox 1090 3428 1425 3500; x_wconf 87' lang='lat' dir='ltr'><strong>reddebat</strong></span> <span class='ocrx_word' id='word_1_226' title='bbox 1469 3431 2004 3523; x_wconf 84' lang='lat' dir='ltr'><strong>acceptissimum</strong></span> <span class='ocrx_word' id='word_1_227' title='bbox 2022 3430 2058 3499; x_wconf 72' lang='grc' dir='ltr'><strong><em>ἓ</em></strong></span> <span class='ocrx_word' id='word_1_228' title='bbox 2123 3432 2285 3502; x_wconf 88' lang='lat' dir='ltr'><strong>Tali</strong></span> <span class='ocrx_word' id='word_1_229' title='bbox 2321 3432 2529 3524; x_wconf 80' lang='lat' dir='ltr'><strong>igitur</strong></span> <span class='ocrx_word' id='word_1_230' title='bbox 2568 3432 2717 3500; x_wconf 79' lang='lat' dir='ltr'><strong>viro</strong></span> <span class='ocrx_word' id='word_1_231' title='bbox 2760 3431 2957 3502; x_wconf 88' lang='lat' dir='ltr'><strong>nobis</strong></span> 
     </span>
     <span class='ocr_line' id='line_1_30' title="bbox 716 3532 2957 3627; baseline 0 -23"><span class='ocrx_word' id='word_1_232' title='bbox 716 3542 955 3626; x_wconf 90' lang='lat' dir='ltr'><strong>erepto</strong></span> <span class='ocrx_word' id='word_1_233' title='bbox 972 3580 994 3620; x_wconf 90' lang='lat'>,</span> <span class='ocrx_word' id='word_1_234' title='bbox 1073 3556 1286 3624; x_wconf 87' lang='lat' dir='ltr'><strong>quum</strong></span> <span class='ocrx_word' id='word_1_235' title='bbox 1343 3532 1556 3605; x_wconf 87' lang='lat' dir='ltr'><strong>luctui</strong></span> <span class='ocrx_word' id='word_1_236' title='bbox 1605 3543 1845 3603; x_wconf 90' lang='lat' dir='ltr'><strong>nostro</strong></span> <span class='ocrx_word' id='word_1_237' title='bbox 1890 3535 2472 3627; x_wconf 89' lang='lat' dir='ltr'><strong>attemperandam</strong></span> <span class='ocrx_word' id='word_1_238' title='bbox 2526 3535 2957 3605; x_wconf 89' lang='lat' dir='ltr'><strong>sollemnium</strong></span> 
     </span>
     <span class='ocr_line' id='line_1_31' title="bbox 712 3633 2957 3731; baseline 0 -25"><span class='ocrx_word' id='word_1_239' title='bbox 712 3633 1098 3709; x_wconf 85' lang='lat' dir='ltr'><strong>nostrorum</strong></span> <span class='ocrx_word' id='word_1_240' title='bbox 1148 3635 1676 3711; x_wconf 85' lang='lat' dir='ltr'><strong>celebrationem</strong></span> <span class='ocrx_word' id='word_1_241' title='bbox 1728 3639 2177 3708; x_wconf 87' lang='lat' dir='ltr'><strong>censuerimus</strong></span> <span class='ocrx_word' id='word_1_242' title='bbox 2190 3686 2211 3725; x_wconf 89' lang='lat'>‚</span> <span class='ocrx_word' id='word_1_243' title='bbox 2261 3638 2475 3709; x_wconf 86' lang='lat' dir='ltr'><strong>Vobis</strong></span> <span class='ocrx_word' id='word_1_244' title='bbox 2491 3686 2514 3723; x_wconf 89' lang='lat'>‚</span> <span class='ocrx_word' id='word_1_245' title='bbox 2579 3637 2957 3731; x_wconf 83' lang='lat' dir='ltr'><strong>Magnifice</strong></span> 
     </span>
     <span class='ocr_line' id='line_1_32' title="bbox 713 3736 2956 3834; baseline 0 -26"><span class='ocrx_word' id='word_1_246' title='bbox 713 3739 973 3810; x_wconf 82' lang='lat' dir='ltr'><strong>Rector</strong></span> <span class='ocrx_word' id='word_1_247' title='bbox 996 3736 1447 3828; x_wconf 80' lang='lat' dir='ltr'><strong>Academiae,</strong></span> <span class='ocrx_word' id='word_1_248' title='bbox 1498 3741 1874 3834; x_wconf 82' lang='lat' dir='ltr'><strong>gravissimi</strong></span> <span class='ocrx_word' id='word_1_249' title='bbox 1903 3742 2241 3833; x_wconf 89' lang='lat' dir='ltr'><strong>utriusque</strong></span> <span class='ocrx_word' id='word_1_250' title='bbox 2283 3743 2382 3811; x_wconf 89' lang='lat' dir='ltr'><strong>rei</strong></span> <span class='ocrx_word' id='word_1_251' title='bbox 2413 3741 2733 3832; x_wconf 90' lang='lat' dir='ltr'><strong>publicae</strong></span> <span class='ocrx_word' id='word_1_252' title='bbox 2776 3742 2956 3810; x_wconf 89' lang='lat' dir='ltr'><strong>Pro-</strong></span> 
     </span>
     <span class='ocr_line' id='line_1_33' title="bbox 714 3843 2956 3938; baseline 0.001 -27"><span class='ocrx_word' id='word_1_253' title='bbox 714 3862 923 3926; x_wconf 86' lang='lat' dir='ltr'><strong>ceres,</strong></span> <span class='ocrx_word' id='word_1_254' title='bbox 972 3844 1290 3915; x_wconf 88' lang='lat' dir='ltr'><strong>carissimi</strong></span> <span class='ocrx_word' id='word_1_255' title='bbox 1322 3843 1857 3936; x_wconf 83' lang='lat' dir='ltr'><strong>Commilitones,</strong></span> <span class='ocrx_word' id='word_1_256' title='bbox 1906 3855 2255 3938; x_wconf 86' lang='lat' dir='ltr'><strong>peractam</strong></span> <span class='ocrx_word' id='word_1_257' title='bbox 2289 3846 2362 3913; x_wconf 89' lang='lat' dir='ltr'><strong>in</strong></span> <span class='ocrx_word' id='word_1_258' title='bbox 2389 3844 2699 3914; x_wconf 85' lang='lat' dir='ltr'><strong>conclavi</strong></span> <span class='ocrx_word' id='word_1_259' title='bbox 2726 3854 2956 3913; x_wconf 89' lang='lat' dir='ltr'><strong>nostro</strong></span> 
     </span>
     <span class='ocr_line' id='line_1_34' title="bbox 716 3943 2958 4042; baseline 0.002 -30"><span class='ocrx_word' id='word_1_260' title='bbox 716 3943 787 4012; x_wconf 89' lang='lat' dir='ltr'><strong>d.</strong></span> <span class='ocrx_word' id='word_1_261' title='bbox 812 3945 995 4013; x_wconf 83' lang='lat' dir='ltr'><strong>xxl.</strong></span> <span class='ocrx_word' id='word_1_262' title='bbox 1046 3946 1286 4015; x_wconf 88' lang='lat' dir='ltr'><strong>mensis</strong></span> <span class='ocrx_word' id='word_1_263' title='bbox 1329 3947 1686 4018; x_wconf 87' lang='lat' dir='ltr'><strong>Februarii</strong></span> <span class='ocrx_word' id='word_1_264' title='bbox 1711 3950 2122 4020; x_wconf 87' lang='lat' dir='ltr'><strong>creationem</strong></span> <span class='ocrx_word' id='word_1_265' title='bbox 2151 3948 2624 4042; x_wconf 82' lang='lat' dir='ltr'><strong>magistrorum</strong></span> <span class='ocrx_word' id='word_1_266' title='bbox 2653 3972 2769 4034; x_wconf 90' lang='grc'><strong>88,</strong></span> <span class='ocrx_word' id='word_1_267' title='bbox 2819 3969 2958 4038; x_wconf 84' lang='lat' dir='ltr'><strong>qna</strong></span> 
     </span>
     <span class='ocr_line' id='line_1_35' title="bbox 714 4050 1994 4144; baseline 0.003 -29"><span class='ocrx_word' id='word_1_268' title='bbox 714 4068 845 4141; x_wconf 85' lang='lat' dir='ltr'><strong>par</strong></span> <span class='ocrx_word' id='word_1_269' title='bbox 875 4055 974 4117; x_wconf 86' lang='grc'><strong>831</strong></span> <span class='ocrx_word' id='word_1_270' title='bbox 987 4094 1010 4135; x_wconf 95' lang='grc'><strong>,</strong></span> <span class='ocrx_word' id='word_1_271' title='bbox 1060 4050 1482 4120; x_wconf 84' lang='lat' dir='ltr'><strong>observantia</strong></span> <span class='ocrx_word' id='word_1_272' title='bbox 1514 4051 1994 4144; x_wconf 81' lang='lat' dir='ltr'><strong>significamus.</strong></span> 
     </span>
    </p>
   </div>
  </div>
 </body>
</html>
