3325 5317
700 450 789 512 90
1350 445 1496 507 DE
1608 446 2289 511 AESCHYLI

701 623 1083 693 inventione
1114 618 1411 688 fabulae.
1514 620 1784 689 Etenim
1814 622 1870 689 si
1896 622 2098 711 aequi
2134 623 2450 692 volumus
2476 621 2736 694 iudices
2769 645 2935 711 esse,

640 710 664 732 ⁶
702 749 875 811 non,
949 722 1169 814 qualis
1225 745 1309 792 ex
1366 724 1620 816 regulis
1664 725 1822 792 artis
1868 726 2052 794 bona
2096 724 2234 797 dici
2291 726 2650 818 tragoedia
2702 727 2937 818 possit,
3058 739 3066 747 “

701 850 1102 920 quaeremus
1116 872 1138 910 ,
1204 825 1326 895 sed
1367 829 1636 918 qualem
1682 827 2125 900 Athenienses
2158 828 2292 897 illis
2338 831 2754 921 temporibus
2793 842 2936 898 tra-

699 932 1028 1025 goediam
1067 931 1421 1021 probarint
1436 980 1457 1018 ,
1508 930 1905 1000 videbimus.
2007 933 2141 1000 Ars
2180 934 2355 1001 enim
2382 933 2572 1024 prior
2599 943 2698 1000 est
2723 956 2936 1026 regu-

700 1037 813 1104 lis:
862 1057 1040 1125 quae
1064 1054 1199 1100 non
1228 1043 1381 1103 ante
1408 1034 1822 1121 conduntur,
1875 1057 2115 1125 quam,
2164 1036 2376 1103 multa
2398 1035 2720 1104 tentando
2737 1036 2768 1122 ,'
2808 1059 2936 1106 ve-

700 1162 852 1208 rum
881 1160 967 1207 ex
994 1137 1165 1206 vitiis
1207 1137 1540 1229 apparuit.
1645 1138 2077 1228 Quamquam
2110 1139 2295 1208 initia
2337 1140 2490 1207 artis
2518 1138 2780 1230 duplex
2801 1137 2937 1208 ha-

701 1244 869 1312 bent
896 1240 1373 1328 commodum,
1425 1264 1671 1327 unum,
1723 1243 1946 1332 quod,
1998 1244 2253 1334 regulis
2283 1243 2586 1311 nondum
2626 1243 2929 1328 inventis,

625 1365 631 1372 '
701 1368 841 1418 non
894 1345 1288 1438 regularum
1345 1340 1784 1436 perversitate
1837 1354 2132 1415 erratur:
2232 1356 2330 1415 est
2389 1355 2613 1414 autem
2668 1346 2811 1429 hoc
2862 1346 2935 1413 in

701 1449 935 1542 primis
987 1449 1343 1540 proprium
1376 1449 1773 1540 regularum
1787 1497 1808 1535 ‚
1855 1458 1936 1517 ut
1977 1472 2105 1541 per
2146 1471 2407 1519 errores
2448 1449 2540 1518 ad
2585 1450 2933 1518 veritatem

702 1554 984 1633 ducant;
1057 1551 1342 1620 alterum
1357 1600 1378 1638 ,
1449 1551 1640 1641 quod
1713 1574 1937 1620 sensus
2001 1552 2357 1621 hominum
2372 1602 2394 1639 ,
2476 1552 2658 1622 circa
2727 1575 2938 1644 prae-

705 1658 909 1750 cipua
935 1664 1337 1746 occupatuS,
1388 1678 1565 1744 quae
1597 1646 1691 1722 011
1732 1656 1808 1723 id
1837 1657 2062 1746 ipsum
2105 1656 2307 1725 etiam
2335 1675 2497 1724 vera
2527 1665 2710 1742 sunt,
2758 1678 2937 1724 non-

704 1761 872 1829 dum
915 1759 1143 1827 multis
1186 1760 1563 1849 patentibus
1600 1758 1723 1827 viis
1739 1808 1761 1845 ,
1824 1760 2232 1849 plerumque
2284 1761 2564 1829 brevem
2615 1761 2931 1849 aliquam,

650 1872 931 1952 63011113
976 1883 1115 1929 11011
1152 1863 1362 1953 longe
1405 1863 1492 1930 ab
1539 1871 1727 1932 recta
1767 1862 2102 1959 dissitam,
2149 1863 2542 1956 ingreditur.
2643 1863 2749 1932 Ita
2789 1863 2926 1930 Ae-

700 1965 923 2056 schyli
977 1985 1147 2033 aevo
1162 2014 1184 2052 ,
1262 1966 1567 2033 nondum
1628 1967 1783 2034 satis
1847 1967 2182 2058 explicata
2232 1976 2470 2034 natura
2515 1966 2935 2058 tragoediae,

698 2070 792 2138 ita
840 2068 1149 2138 videntur
1200 2070 1601 2137 existimasse
1649 2068 2094 2139 Athenienses
2105 2119 2129 2191 .’
2182 2070 2505 2140 contineri
2551 2070 2694 2139 hoc
2721 2091 2936 2162 genus

697 2173 1032 2281 poematis
1079 2173 1570 2243 introducenda
1619 2174 1885 2242 actione
1932 2175 2128 2266 gravi
2143 2222 2163 2258 ,
2227 2196 2404 2264 quae
2471 2195 2574 2241 ex
2620 2184 2808 2242 metu
2870 2178 2939 2241 et

697 2260 1116 2347 miseratione
1169 2286 1237 2347 et
1287 2277 1491 2345 animi
1537 2277 2008 2368 magnitudine
2081 2278 2560 2345 sublimitatem
2624 2276 2934 2360 haberet,

697 2381 1139 2470 distinctaque
1190 2392 1360 2449 esset
1406 2381 1477 2448 in
1524 2390 1752 2471 partes
1804 2381 2168 2470 quasdam,
2251 2403 2537 2472 quarum
2583 2381 2653 2448 in
2703 2381 2939 2471 singu-

694 2485 777 2554 lis
827 2507 1003 2553 nova
1047 2507 1339 2576 persona
1387 2484 1912 2576 produceretur:
1963 2507 2170 2575 quam
2218 2485 2546 2553 rationem
2598 2483 2801 2555 docte
2853 2502 2938 2549 ex

696 2588 1023 2678 Aeschyli
1062 2589 1309 2656 fabulis
1350 2588 1735 2680 explanavit
1774 2589 2186 2669 Heerenius3
2235 2587 2528 2677 denique
2556 2610 2730 2676 quae
2759 2583 2937 2657 cho-x

696 2715 853 2761 rum
881 2690 1171 2759 haberet
1186 2740 1206 2776 ,
1257 2713 1469 2780 quum
1509 2692 1600 2759 ad
1636 2714 1785 2758 rem
1799 2739 1820 2777 ,
1874 2714 2050 2780 quae
2077 2700 2394 2781 ageretur
2408 2739 2429 2777 ,
2482 2688 2933 2760 adiuvandam

699 2794 1056 2878 idoneum,
1105 2802 1251 2863 tum
1287 2816 1449 2864 vero
1466 2843 1490 2883 ‚
1539 2792 1750 2882 idque
1785 2793 2156 2884 praecipue
2170 2842 2190 2878 ,
2243 2795 2539 2864 sensibus
2580 2793 2934 2863 declarau-
2976 2784 2985 2797 ’

702 2897 805 2965 (113
844 2896 1308 2966 inservientem
1322 2947 1343 2985 ‚
1394 2918 1567 2987 quos
1602 2897 1877 2966 excitari
1915 2897 1985 2964 in
2019 2905 2475 2987 spectatorum
2503 2897 2736 2965 animis
2766 2918 2936 2966 con-

698 3009 1088 3070 sentaneum
1126 3010 1315 3069 esset.
1420 2999 1709 3069 Caetera
1725 3047 1746 3084 ,
1810 3023 1990 3089 quae
2033 3000 2355 3091 deinceps
2401 3002 2707 3070 subtilior
2743 3000 2930 3067 inve-

700 3103 971 3195 stigatio
1014 3104 1312 3195 aperuit,
1371 3126 1498 3175 nec
1532 3103 2086 3173 desiderabantur
2124 3106 2440 3195 neglecta
2457 3153 2478 3190 ,
2543 3127 2768 3194 neque
2802 3103 2936 3170 ob·

698 3216 959 3276 servata
999 3207 1068 3274 in
1109 3207 1317 3276 laude
1345 3207 1793 3299 ponebantur.
1895 3208 2134 3297 Itaque
2172 3230 2311 3277 non
2353 3217 2454 3277 est
2493 3207 2684 3297 quod
2725 3207 2935 3275 mire-
3062 3244 3069 3251 -

697 3333 852 3380 mur
867 3359 888 3396 ,
952 3311 1007 3378 si
1041 3312 1287 3379 Persae
1328 3309 1689 3400 Aeschyli,
1742 3333 1918 3400 quae
1965 3310 2201 3379 fabula
2216 3360 2238 3397 ,
2303 3321 2379 3378 ut
2418 3312 2582 3380 scite
2625 3312 2938 3379 observat

696 3415 1078 3499 lacobsius‚
1128 3436 1267 3482 non
1316 3414 1647 3483 dissimilis
1681 3422 1779 3482 est
1800 3413 1903 3482 illi
1943 3415 2213 3506 generi,
2265 3415 2453 3505 quod
2495 3417 2582 3484 ab
2621 3413 2937 3483 nostrati-

699 3519 829 3589 bus
858 3526 1146 3590 cantate
1175 3519 1582 3610 appellatur,
1627 3517 2020 3607 aequalibus
2079 3528 2330 3609 poetae
2375 3540 2608 3587 omnes
2653 3528 2936 3607 tragoe-

619 3670 624 3675 -
681 3622 858 3693 -diae
906 3625 1049 3693 visa
1091 3632 1191 3692 est
1229 3634 1541 3691 numeros
1588 3620 1897 3712 implere.
1995 3620 2076 3688 In
2118 3644 2255 3710 qua
2306 3622 2358 3688 si
2403 3622 2937 3712 implicationem

697 3725 840 3795 hoc
878 3727 1148 3796 nomine
1195 3726 1510 3819 dignam,
1576 3724 1632 3791 si
1671 3724 2146 3797 enodationem
2176 3725 2566 3822 discriminis
2593 3725 2933 3808 idoneam,

700 3830 757 3897 si
812 3851 1170 3920 personam
1220 3828 1609 3921 primariam
1628 3876 1649 3912 ,
1729 3851 1905 3917 quae
1958 3829 2254 3899 animum
2323 3829 2603 3897 adversa
2664 3828 2938 3895 fortuna

696 3931 1024 4001 maiorem
1048 3944 1405 4018 monstret,
1458 3933 1756 4022 requiras
1774 3984 1793 4021 ,
1842 3931 2015 3999 nihil
2054 3955 2336 4021 usquam
2362 3932 2691 4023 reperiaS,
2743 3928 2934 4018 quod

651 4114 664 4123 a
700 4037 856 4102 satis
902 4035 1131 4104 facere
1166 4037 1491 4105 videatur.
1592 4037 1659 4104 N
1662 4057 1755 4105 ec
1789 4044 2018 4103 tamen
2058 4037 2363 4127 perlecta
2400 4036 2632 4103 fabula
2678 4033 2938 4101 diffite—

697 4138 876 4208 beris
889 4187 910 4225 ,
960 4149 1224 4212 motum
1266 4140 1467 4208 animi
1495 4139 1566 4206 in
1603 4139 1885 4224 lectore,
1942 4162 2030 4206 ne
2058 4138 2226 4229 quid
2268 4139 2356 4206 de
2395 4147 2774 4230 spectatore
2823 4136 2935 4204 di-

701 4264 854 4313 cam
867 4289 890 4328 ‚
956 4265 1303 4313 remanere
1341 4242 1659 4311 eumdem
1676 4291 1697 4326 ‚
1763 4265 1846 4313 ac
1889 4243 1943 4308 si
1981 4245 2238 4335 optime
2274 4242 2400 4309 ista
2444 4243 2681 4310 omnia.
2713 4239 2936 4309 habe-

699 4355 866 4415 rent.
966 4345 1054 4414 Id
1093 4347 1318 4440 ipsum
1353 4354 1580 4415 autem
1618 4346 1892 4415 volebat
1932 4356 2175 4437 poeta:
2224 4346 2412 4434 quod
2443 4346 2562 4414 ille
2601 4347 2658 4413 si
2696 4366 2937 4413 conse-

698 4457 944 4540 quutus
998 4445 1135 4540 est,
1199 4448 1436 4542 quidni
1483 4457 1672 4519 tanto
1726 4450 1948 4543 magis
1996 4449 2408 4524 admiremur
2448 4448 2752 4520 divinum
2795 4446 2938 4516 eius
