3325 5317
766 519 773 527 ·
822 479 1302 542 SERMONIS
1354 481 1838 545 HOMERICI
1895 482 2120 545 mss,
2160 482 2209 546 1.
2559 487 2652 552 35

404 638 795 752 ἐξερέηται.
898 654 1061 726 Hoc
1102 654 1315 741 enim,
1364 665 1443 724 ut
1476 655 1894 727 coniectores
1929 656 2378 750 interrogaret
2419 657 2647 727 Pene-

403 758 609 847 lope,
661 758 926 826 solebat
967 758 1149 839 fieri3
1199 759 1406 846 illud,
1454 768 1532 829 ut
1565 760 1846 830 nuncius
1878 761 2263 847 afferretur,
2317 769 2384 829 et
2421 781 2649 831 rarum

404 869 586 944 erat,
655 870 725 928 et
780 862 1151 930 fortuitum.
1271 862 1389 934 Sic
1433 864 1637 932 etiam
1692 888 1757 958 ρ.
1802 861 1977 933 539.
2039 867 2112 937 εἰ
2166 861 2244 937 δ’
2285 858 2650 945 Ὄὸυσευς

407 966 662 1052 ἐλθοι,
729 963 851 1035 καὶ
894 961 1116 1037 ἴιιοιτ
1173 969 1242 1045 ἐς
1282 965 1603 1059 πατρίδα
1661 972 1919 1057 γαῖαν,
2004 960 2196 1062 αἶψά
2258 995 2339 1041 κε
2400 994 2531 1040 συν
2577 962 2649 1062 ᾦ

410 1066 616 1138 παιδί
642 1065 823 1159 βίας
866 1063 1301 1141 ἀποτίσεται
1342 1066 1646 1164 α’νδρων.
1768 1071 1926 1138 Non
1966 1078 2063 1139 est
2105 1078 2333 1140 autem
2380 1072 2648 1157 mirum,

409 1191 616 1259 saepe
656 1172 909 1238 utrovis
952 1170 1169 1239 modo
1209 1172 1398 1260 loqui
1442 1173 1686 1256 licere,
1763 1173 1977 1241 modo
2011 1174 2255 1242 utervis
2309 1197 2428 1242 sua
2474 1195 2648 1266 pro·—

409 1275 562 1364 pria
605 1273 674 1341 vi
722 1284 916 1364 aptus
956 1276 1055 1342 sit.
1160 1276 1256 1343 Vt
1306 1269 1715 1348 11.κ.305.
1771 1270 1970 1349 amam
2026 1303 2167 1373 γαρ
2217 1277 2480 1374 δίφρον
2530 1303 2647 1365 τε,

414 1370 555 1448 δύω
595 1372 666 1447 τ’
721 1371 1142 1472 ἐριαύχενας
1187 1385 1470 1467 ἵππους,
1526 1385 1610 1450 οἵ
1631 1405 1751 1451 κεν
1784 1377 2077 1474 ἄριστοι
2118 1381 2283 1498 ἔωσι
2321 1379 2503 1475 θοῇς
2530 1379 2650 1451 ἐπὶ

304 1517 321 1532 r
411 1505 661 1575 νηυσιν
703 1475 1070 1570 Ἀχαιῶν,
1144 1480 1330 1560 ὅςτις
1386 1506 1508 1552 κεν
1552 1481 1808 1577 τλαίη,
1880 1480 1966 1553 οἶ
2021 1477 2101 1553 τ’
2164 1477 2369 1576 αὐτῷ
2437 1482 2649 1563 κῦδος

411 1607 711 1674 αροιτο,
766 1583 950 1679 νηῶν
985 1577 1373 1656 ω’κυπόδων
1406 1578 1660 1673 σχεδόν
1693 1585 2020 1675 ἐλθέμεν.
2126 1584 2343 1668 Dicit,
2391 1584 2457 1653 si
2494 1585 2650 1675 quis

409 1685 713 1770 audeat,
782 1686 1110 1755 incertum
1152 1687 1571 1776 relinquens„
1655 1711 1742 1754 an
1778 1687 1927 1754 talis
1967 1687 2227 1755 futurus
2278 1688 2393 1757 sitt
2427 1715 2430 1718 ⁴
2459 1686 2652 1776 quod

407 1788 460 1854 si
491 1783 668 1886 τλήῃ
698 1789 1003 1875 dixisset,
1059 1792 1178 1884 qui
1209 1789 1433 1883 fuerit
1467 1779 1715 1875 ausus,
1770 1800 2158 1880 exspectare
2188 1814 2260 1857 se
2296 1789 2647 1875 indicaret,

410 1890 560 1958 fore
577 1941 597 1976 ,
665 1895 785 1981 qui
829 1893 1131 1962 auderet.
1234 1894 1418 1961 Illud
1460 1914 1623 1962 vero
1669 1895 2040 1964 necessario
2084 1892 2450 1963 dicendum
2485 1902 2651 1977 erat,

409 2001 495 2067 οἵ
523 2021 643 2065 κεν
674 1994 968 2090 ἄριστοι
1010 2000 1197 2074 ἔωσι,
1240 1998 1374 2090 ιᾳιιιι·
1413 1998 1659 2090 optim-i
1693 1999 1964 2090 reperti
1979 1996 2303 2091 suerint.-
2367 2021 2525 2065 nam
2574 1997 2651 2081 si,

400 2099 710 2188 optativo
749 2122 935 2184 usuS,
1005 2101 1320 2169 daturum
1363 2124 1435 2168 se
1479 2101 1887 2192 promisisset
1902 2149 1922 2185 ,
1974 2101 2029 2168 si
2071 2102 2189 2190 qui
2221 2111 2439 2170 essent
2472 2100 2655 2191 opti-

364 2203 504 2271 .mi
543 2202 658 2269 vel
717 2213 992 2292 possent
1049 2227 1225 2290 esse,
1305 2204 1642 2272 neminem
1700 2212 1841 2270 tam
1898 2206 2137 2274 incerti
2196 2204 2483 2294 praemii
2530 2226 2653 2294 spe

405 2306 864 2394 permovisset.
974 2306 1113 2376 Od.
1170 2335 1235 2400 η.
1298 2306 1420 2375 33.
1473 2330 1610 2375 non
1666 2315 1844 2374 erat·
1878 2308 2033 2374 satis
2091 2307 2341 2375 idonea
2400 2329 2653 2390 caussa,

405 2431 616 2497 quare
653 2409 1026 2498 diceretur,
1082 2406 1246 2484 οὐδ’
1294 2403 1837 2503 ἀγαπαζόμενοι
1886 2405 2247 2504 φιλεόυσ’,
2304 2406 2478 2488 ὅςκ’
2511 2407 2653 2480 ἄλ-

406 2516 634 2584 λοθεν
686 2515 937 2604 ἔλθοις
1002 2514 1382 2601 rectiusque
1443 2514 1513 2580 in
1556 2514 1769 2580 altera
1823 2511 2113 2581 lectione
2166 2512 2356 2602 apud
2417 2510 2639 2588 schol.
2661 2517 2747 2578 19

403 2615 602 2682 Harl.
651 2616 742 2683 ad
789 2644 848 2687 ν.
892 2616 1062 2685 119.
1110 2616 1569 2686 coniunctivus
1609 2625 1740 2699 est,
1795 2612 1923 2686 ὅτε
1956 2617 2075 2688 κέν
2117 2642 2230 2695 τις
2276 2622 2534 2711 ἵκηται.
2589 2620 2651 2688 λ.

412 2717 584 2786 l-n.
638 2717 895 2792 ὅντινα
941 2723 1077 2814 μέν
1114 2747 1232 2792 κεν
1278 2721 1399 2816 ἐᾷς
1439 2714 1706 2793 νεκύων
1746 2711 2373 2814 κατατεθνηωτων
2419 2724 2655 2808 αἵμα-

406 2848 535 2901 τος
596 2818 825 2895 ἆσσον
891 2827 1097 2917 ἴμεν,
1154 2824 1197 2895 ὂ
1235 2825 1312 2896 δὲ
1367 2850 1491 2895 τοι
1552 2822 1895 2939 νημερτὲς
1956 2821 2227 2915 ἐνίψει·
2318 2817 2376 2914 ᾦ
2447 2823 2533 2892 δέ
2582 2816 2654 2891 κ’

407 2927 923 3019 ἐπιφθονεόις,
979 2927 1023 3000 ὃ
1055 2927 1133 2999 δὲ
1171 2952 1292 2997 τοι
1336 2919 1557 2998 παλιν
1591 2923 1775 2998 εἶσιν
1823 2920 2117 2996 ὀπίσσω.
2185 2924 2423 2993 Valde·
2455 2922 2658 2991 ‹lubi-

403 3028 537 3094 tari
583 3038 846 3119 potest,
917 3031 1047 3114 sic,
1137 3052 1224 3097 an
1273 3029 1715 3126 ἐπιφθονέῃς
1760 3025 2072 3106 dederit;
2146 3027 2200 3094 si
2258 3025 2654 3118 optativum,

405 3130 553 3200 hoc
599 3132 817 3217 dicet,
884 3134 948 3201 si
1006 3134 1121 3202 cui
1159 3133 1518 3201 invideas:
1583 3129 1889 3219 colloqui
1949 3132 2128 3198 enim
2184 3130 2455 3219 Vlysses
2499 3137 2656 3199 cum

403 3235 663 3303 umbris
712 3237 1065 3327 cupiebat,
1129 3236 1676 3326 quaesieratque,
1728 3256 1866 3302 non
1905 3233 2257 3321 quomodo
2305 3257 2417 3301 eas
2458 3256 2656 3303 arce-

404 3349 552 3422 ret,
603 3339 726 3407 sed
763 3341 1114 3429 quomodo
1157 3340 1564 3432 perduceret
1601 3338 1693 3406 ad
1737 3336 2295 3426 colloquendum.
2398 3336 2541 3405 Sed
2588 3364 2654 3428 χ.

404 3440 585 3509 443.
629 3447 1083 3536 θεινεᾘμεναι
1097 3444 1375 3537 ξίφεσιν
1424 3435 1898 3537 τανυήκεσιν,
1954 3434 2173 3521 εἰςόκε
2206 3442 2491 3511 πασέων
2523 3460 2658 3531 ψυ-

410 3538 545 3635 xa}
576 3548 1060 3640 ἐξαφέλησθε,
1114 3546 1233 3618 καὶ
1269 3539 1769 3618 ἐκλελαθοιντ’
1822 3538 2303 3642 ’Λφροδίτης,
2370 3542 2481 3609 vix
2521 3540 2655 3607 ha-

404 3650 566 3732 bet,
618 3671 756 3738 quo
805 3650 1232 3721 defendatur.
1335 3651 1402 3717 A
1441 3657 1652 3739 poeta
1695 3647 2094 3738 profectum
2129 3654 2298 3774 Ριιῐο
2362 3637 2659 3734 §nield-f

406 3748 613 3848 θητῖ
663 3753 1025 3822 Rationem
1069 3753 1281 3822 habet
1318 3751 1516 3836 illud,
1572 3778 1636 3823 ο.
1677 3744 1853 3817 435.
1898 3751 2007 3846 εἴη
2049 3751 2186 3838 μὲν
2246 3746 2364 3818 καὶ
2408 3744 2626 3820 τοῦτ
2627 3801 2655 3836 ,

407 3856 489 3928 εἰ
504 3882 636 3944 μοι
673 3859 1009 3930 ἐθέλοιτέ
1027 3886 1107 3948 γε
1125 3912 1150 3944 ,
1204 3856 1518 3944 ναῦται,
1576 3852 1764 3947 ὅρκῳ
1798 3850 2301 3946 πιστωθῆναι,
2356 3845 2657 3946 ἀπήμο-

380 3951 504 4029 νά
543 3955 635 4050 μ’
685 3956 884 4031 οἶκον
942 3954 1280 4041 α’παξεινε
1344 3957 1466 4028 sed
1507 3957 1709 4025 valde
1754 3954 2091 4022 diversum
2139 3965 2274 4038 est,
2329 3954 2520 4042 quod
2558 3955 2659 4022 le-

400 4060 596 4153 gitur
633 4061 827 4135 Iliad.
859 4084 965 4184 ”w
1005 4062 1179 4132 893.
1230 4055 1423 4158 α’ταρ
1458 4054 1637 4155 δόρυ
1681 4051 2051 4178 Μηριόνῃ
2078 4054 2264 4152 ἥρωὶ
2288 4051 2657 4153 πόρωμεν,

403 4166 483 4237 εἰ
511 4157 603 4235 σύ
653 4191 731 4257 γε
785 4166 888 4261 σῷ
937 4166 1161 4260 θυμῷ
1203 4165 1516 4244 ἐθέλοις·
1594 4164 1902 4252 κέλομαι
1956 4187 2095 4257 γαρ
2137 4162 2391 4252 ἕγωγεε
2466 4160 2658 4249 quod

397 4268 784 4336 modestiae
842 4281 961 4338 est.
1078 4267 1259 4338 Vide
1317 4267 1473 4336 diss.
1521 4265 1613 4335 de
1655 4265 2043 4392 {incoeptis
2084 4264 2540 4333 Atticistarum
2581 4286 2654 4353 Ρ.

401 4370 535 4439 11.
652 4371 731 4438 In
787 4374 911 4441 illo
973 4394 1178 4457 vero,
1249 4399 1333 4443 κ.-
1374 4368 1548 4439 346.
1611 4372 1682 4442 εἰ
1737 4364 1812 4442 δ’
1864 4367 2069 4461 ἄμμε
2136 4365 2659 4462 παραφθαίησι

394 4468 802 4557 πόδεσσιν,
884 4475 1032 4556 αἰεί
1092 4503 1227 4569 μιν
1285 4474 1506 4574 προτὶ
1560 4471 1743 4571 νῆας
1793 4499 1939 4545 απο
2008 4465 2419 4641 agaza-cimon
2475 4493 2660 4566 προ-
