3325 5317
720 418 859 579 331
1529 470 1646 533 DE
1697 466 2184 534 AEscHYm

933 645 1017 713 In
1050 643 1175 712 illo
1213 628 1595 713 discrimine
1635 666 1848 734 quum
1894 653 2113 713 essent
2141 643 2439 730 iudicoe,
2490 652 2604 732 ut,
2655 647 2977 723 absolutis

727 749 1008 818 caeteris
1054 747 1273 815 Danai
1312 748 1618 832 filiabus,
1669 749 2278 839 Hypennnestram
2318 771 2459 816 non
2516 761 2792 840 possent
2833 775 2977 820 non

724 851 1179 921 ’condemnare
1196 900 1219 936 ,
1286 850 1402 918 dei
1454 851 1733 920 alicuius
1771 854 2148 920 interventu
2186 874 2361 943 opus
2403 864 2579 938 erat,
2629 864 2706 922 ut
2741 878 2973 924 serva-

725 967 912 1049 retur
940 955 1215 1047 puella,
1278 954 1389 1023 cui
1423 976 1554 1045 pro
1596 955 1873 1024 crimine
1907 964 2097 1023 erant
2138 977 2333 1024 amor
2374 966 2443 1024 et
2485 958 2969 1028 misericordia.
3075 1008 3082 1019 -

725 1060 821 1127 Et
862 1059 1010 1147 quis
1074 1058 1243 1125 deus
1291 1060 1521 1148 potior
1573 1059 1854 1126 inveniri
1893 1067 2196 1151 poterat,
2278 1060 2398 1148 qui
2441 1058 2640 1128 huius
2695 1084 2972 1132 caussae

723 1163 1170 1253 patrocinium
1211 1163 1618 1252 susciperet,
1687 1186 1892 1251 quam
1933 1161 2084 1253 ipsa
2138 1165 2382 1231 amoris
2428 1173 2646 1232 mater
2685 1165 2916 1235 Venus
2933 1167 2972 1236 ?

723 1267 926 1335 Hanc
981 1288 1149 1357 ergo
1198 1274 1411 1355 poeta
1452 1265 1858 1349 introduxit,
1925 1266 2356 1355 defendique
2400 1267 2491 1335 ab
2556 1291 2640 1335 ea
2685 1269 2974 1362 Hyper-

722 1381 1081 1439 mnestram
1146 1369 1367 1440 fecit.·
1432 1371 1676 1459 Neque
1726 1371 1904 1439 enim
1943 1370 2077 1437 alio
2130 1369 2412 1438 tendere
2450 1372 2678 1462 potuit
2724 1374 2967 1456 oratio,

723 1496 862 1562 qua
918 1473 1040 1540 illa
1101 1495 1290 1540 suam
1349 1474 1722 1563 potentiam
1795 1473 2145 1542 declarans
2162 1521 2184 1557 ‚
2267 1488 2681 1562 monensque
2697 1522 2719 1559 ‚
2796 1477 2969 1566 quid

724 1598 918 1644 amor
943 1576 1235 1662 valeret,
1286 1576 1375 1643 ad
1416 1577 1753 1644 mitiorem
1793 1575 2053 1645 iudices
2092 1576 2362 1645 videtur
2396 1577 2766 1646 traduxisse
2810 1604 2966 1649 sen-

720 1681 1019 1748 tentiam.
1125 1679 1335 1762 Quod
1389 1680 1627 1747 eximie
1670 1679 2104 1749 confirmatur
2148 1702 2269 1765 eo,
2338 1681 2529 1769 quod
2585 1682 2968 1768 Pausania&

592 1810 599 1819 ·
723 1784 910 1852 cuius
950 1783 1162 1850 verba
1202 1804 1406 1873 supra
1448 1783 1793 1871 posuimus
1813 1832 1834 1867 ,
1899 1783 2166 1875 signum
2208 1784 2490 1854 Veneris
2536 1784 2827 1855 victricis
2871 1789 2966 1855 ab

634 1880 649 1917 ³
722 1886 1255 1974 Hypermnestra
1322 1884 1623 1955 dicatum
1697 1886 1944 1956 scribit.
2058 1887 2334 1955 Partem
2408 1889 2724 1956 orationis
2781 1891 2963 1958 illius

630 1989 1011 2060 laservavit
1056 1987 1448 2057 Athenaeus
1491 1989 1679 2057 XIII.
1713 2012 1792 2080 Ρ.-
1828 1986 2003 2056 690.
2035 1990 2120 2058 A.
2153 1990 2273 2062 καὶ
2315 1989 2361 2064 o‘
2400 1985 2848 2084 σεμνότατος
2895 1991 2972 2066 δ

719 2086 1087 2182 Αἰσχύλος
1123 2095 1203 2165 dit
1242 2097 1402 2173 ταῖς
1433 2093 1805 2167 Δαναΐσιν
1846 2085 2080 2192 αὐτήν
2112 2088 2429 2192 παράγει
2479 2088 2617 2192 τήν
2661 2091 2974 2195 Αφρο-

717 2194 923 2295 δίτην
971 2196 1355 2290 λέγουσαν·

1024 2400 1162 2496 ἒρᾷ
1209 2399 1348 2494 μὲν
1399 2392 1616 2493 ἄγνος
1665 2395 1977 2496 οὕραυος
2027 2427 2308 2498 τρωσαι
2360 2395 2628 2490 χθόνα,

1022 2505 1199 2599 ἔρως
1248 2504 1327 2576 δὲ
1376 2510 1604 2623 γάῖαυ
1641 2503 2005 2598 λαμβάνει
2056 2499 2301 2598 γοίμου
2352 2511 2618 2593 τυχεῖν,

1024 2605 1302 2701 ὄμβρος
1354 2602 1431 2687 ‹2'
1482 2601 1604 2677 (ἐπ’
1656 2600 2045 2689 εὐνάοντος
2094 2602 2416 2702 ουραυοῦ
2464 2633 2706 2680 motor

1019 2709 1225 2782 ἔκυσε
1274 2714 1528 2801 γαῖαν·
1581 2736 1626 2805 η
1681 2712 1758 2781 δὲ
1806 2707 2137 2782 τίκτεται
2187 2713 2487 2804 βροτοῖς

866 2807 919 2879 5
1020 2805 1271 2905 μήλων
1321 2839 1406 2884 τε
1454 2803 1723 2903 βοσκοῖς
1772 2812 1891 2884 καὶ
1942 2811 2111 2904 βίον
2162 2806 2635 2932 Δημήτριον·

1023 2914 1406 3009 δενδρῶτις
1457 2912 1611 3009 ὥρα
1666 2910 1739 2986 δ
1791 2919 1867 2986 ἐκ
1919 2913 2330 3001 υοτιζουτος
2376 2908 2620 3008 γάμου

1020 3011 1293 3099 τέλειός
1336 3041 1531 3091 εστι·
1585 3013 1797 3091 τῶνδ’
1848 3011 1987 3112 ἐγω
2035 3016 2443 3124 παραίτιος.

709 3223 815 3290 Ita
865 3218 1201 3289 scribendi
1241 3218 1321 3287 hi
1363 3243 1609 3289 versus.
1714 3219 1943 3289 Affert
1990 3244 2107 3290 eos
2121 3274 2142 3308 ‚
2211 3223 2466 3290 omissis
2507 3222 2774 3290 duobus
2812 3245 2951 3315 po·

708 3325 1005 3410 stremiS‚
1056 3326 1258 3392 etiam
1286 3320 1675 3391 Eusta'thius
1721 3347 1792 3414 p.
1826 3322 2002 3409 978,
2058 3323 2180 3391 24.
2234 3325 2443 3416 (967,
2474 3322 2545 3394 9.
2584 3320 2775 3417 Bas.)
2825 3323 2946 3395 sed

706 3416 1036 3521 deceptus
1095 3429 1183 3496 ab
1234 3430 1574 3520 epitome,
1652 3450 1864 3516 quum
1924 3420 2064 3495 ibi
2094 3429 2331 3519 paullo
2390 3439 2545 3498 ante
2624 3429 2950 3519 Aeschyli

703 3531 1144 3603 Alexandrini
1168 3532 1426 3600 mentio
1459 3531 1643 3601 facta
1673 3540 1878 3617 esset,
1927 3529 2022 3598 ita
2048 3532 2310 3601 scribit.
2359 3532 2487 3604 καί
2510 3559 2623 3612 τις
2652 3524 2944 3622 Αἰσχύ-

707 3640 869 3726 λος,
924 3663 1059 3726 ουχ
1104 3634 1149 3710 o‘
1190 3632 1264 3718 ἐξ
1295 3630 1675 3732 Ἀθηυωυ,
1729 3628 1895 3707 ἀλλ’
1945 3629 2491 3731 Αλεξαυδρευς,
2544 3663 2634 3716 ως
2670 3664 2713 3730 η
2752 3631 2945 3709 zaro?

703 3732 842 3811 τόυ
872 3733 1290 3836 Ἀθήναιον
1333 3738 1625 3834 ἱστορία
1654 3740 1861 3834 δηλοῖ
1871 3785 1892 3822 ,
1947 3738 2185 3833 φησίν.
2288 3738 2505 3807 Versu
2543 3736 2612 3806 l.
2662 3739 2946 3808 Grotius

701 3843 775 3909 in
838 3843 1193 3933 Excerptis
1262 3865 1336 3934 p.
1399 3837 1524 3914 45.
1596 3850 1669 3909 et
1726 3863 1813 3908 ex
1881 3862 1965 3908 eo
2027 3841 2410 3911 Gatakerus
2463 3843 2554 3910 ad
2620 3843 2944 3910 Antonin.

700 3955 773 4036 Ρ.
805 3942 978 4010 393.
1012 3945 1300 4043 τρῆσαι.
1404 3945 1622 4013 Versu
1664 3942 1735 4010 3.
1767 3943 2065 4035 epitome
2098 3934 2432 4014 Athenaei
2468 3955 2540 4013 et
2554 3944 2945 4014 Eustathius

701 4038 1123 4128 εὐνάοντος,
1202 4048 1324 4116 sed
1378 4048 1450 4115 in
1501 4049 1801 4140 epitome
1849 4047 1941 4115 ad
1996 4049 2263 4116 tertiam
2297 4050 2646 4139 syllabam
2698 4073 2942 4142 supra-

699 4151 1025 4241 scriptum
1060 4176 1116 4221 ε.
1152 4150 1428 4219 Grotius
1467 4147 1913 4231 εὐνοοῦντος.
2018 4144 2560 4222 Valckenarius
2541 4176 2610 4220 1n
2647 4150 2934 4221 Diatrib.

699 4253 793 4321 de
833 4253 953 4326 Fr.
1001 4253 1241 4342 Eurip.
1294 4277 1366 4345 Ρ.
1417 4250 1540 4321 53.
1599 4255 1723 4322 sed
1768 4254 2182 4341 dubitanter,
2235 4282 2648 4380 ευρωευτος.
2755 4256 2935 4340 Quin

698 4356 989 4425 Bothius
1049 4349 1490 4441 ευυοῖζουτος.
1591 4358 1814 4426 Recte
1861 4382 1933 4427 se
1977 4358 2189 4428 habet
2235 4354 2657 4447 εὑυαουτος,
2721 4360 2960 4430 verbo

588 4534 593 4541 ⁸
699 4458 789 4528 ad
849 4460 1237 4551 exemplum
1275 4459 1589 4530 Homeri
1613 4461 1802 4532 facto
1859 4462 1996 4532 od.
2048 4491 2115 4537 ν.
2171 4460 2345 4531 109.
