3325 5317
746 459 878 525 1oe
972 455 1080 519 ΒΕ
1118 451 1642 518 MYmOLOGIA
1685 401 2170 516 cmconvm
2208 451 2760 529 ANTletssmA

749 631 922 699 nime
947 627 1276 699 debemus
1290 675 1313 714 ,
1363 649 1534 697 eum
1565 626 1813 699 callide
1840 627 2113 697 invento
2144 624 2312 694 dolo
2340 624 2633 697 caelum
2658 648 2744 697 ac
2766 625 2989 697 Terra

750 725 1098 813 Λύκτον,
1147 731 1602 824 Crepuscam,
1651 731 1724 800 in
1769 724 2108 829 Κρήτην,
2157 730 2601 821 Temperiam
2617 778 2640 816 ,
2687 731 2759 798 iu
2791 753 2990 799 mon-

746 845 891 906 tem
933 836 1300 930 Αἰγαῖον,
1363 832 1665 921 Salium,
1728 836 2092 920 miserunt,
2156 833 2277 903 ubi
2320 835 2501 904 clam
2548 833 2833 903 nutritus
2872 842 2986 901 est.

659 939 843 1008 lold
885 947 1017 1024 est,
1065 938 1194 1024 vis,
1243 959 1419 1028 quae
1447 939 1710 1007 fervere
1738 937 1969 1008 ‚omnia
1998 947 2070 1006 et
2104 935 2450 1029 vigescere
2476 936 2663 1022 facit,
2715 936 2837 1006 diu
2864 938 2988 1006 sub

750 1041 1077 1135 ambigua
1140 1042 1297 1112 luce
1359 1041 1557 1110 latuit
1606 1040 1678 1109 in
1722 1041 2011 1134 regione
2069 1049 2229 1132 apte
2278 1040 2371 1110 ad
2426 1039 2988 1110 efflorescentium

747 1153 1123 1239 temperata
1136 1194 1158 1233 ,
1210 1153 1282 1212 et
1310 1143 1589 1235 quidem
1614 1144 1687 1212 in
1717 1154 1950 1216 moute
1974 1143 2416 1214 subterraneis
2444 1144 2717 1238 igm'bus
2740 1154 2992 1213 treme-

747 1248 1005 1318 bundo.
1086 1246 1401 1319 Tandem
1417 1296 1440 1336 ,
1491 1270 1704 1341 quum
1735 1249 1968 1318 adulta
2003 1249 2423 1340 prorupisset
2436 1292 2459 1332 ,
2516 1247 2818 1318 Perficus
2869 1248 2992 1316 iste

750 1353 955 1422 etiam
997 1352 1290 1442 reliquas
1327 1352 1536 1439 vires,
1598 1375 1769 1442 quas
1814 1351 2241 1442 occuluerat,
2290 1352 2365 1420 in
2398 1349 2625 1420 lucem
2654 1350 2993 1420 remittere

745 1465 1026 1526 coactus
1061 1465 1197 1525 εει.
1243 1456 1380 1554 ,qui
1414 1478 1620 1552 quem
1663 1455 1964 1546 primum
2006 1455 2205 1530 eiecit
2221 1502 2243 1541 ,
2292 1454 2788 1580 supposititium
2821 1453 2992 1523 Fer-

748 1562 956 1646 vium,
985 1580 1158 1628 eum*
1173 1560 1501 1651 genuinus
1530 1562 1815 1648 Πυθοῖ,
1860 1555 2217 1645 Puteolae,
2267 1553 2558 1653 γυάλοις
2590 1550 2738 1631 ὕπο
2767 1562 2990 1654 Παρ-

746 1668 1078 1762 νησσοῖο,
1137 1664 1210 1730 iu
1239 1662 1535 1734 cavernis
1565 1662 1871 1753 Aggeri,
1920 1663 2176 1730 statuit.
2223 1661 2269 1728 i.
2322 1685 2384 1729 e.
2414 1661 2643 1731 fervor
2679 1683 2819 1730 non
2862 1683 2992 1752 ge-

747 1766 985 1834 nuinus
1021 1767 1387 1855 putrescit,
1443 1765 1578 1834 alia
1611 1765 1904 1886 desuper
1933 1765 2215 1834 materia
2253 1773 2559 1858 aggesta.
2660 1763 2805 1833 Sed
2856 1785 2993 1832 non

749 1877 908 1937 ante
948 1868 1216 1959 penitus
1260 1868 1521 1960 perfrui
1570 1869 1862 1961 imperio
1907 1870 2134 1960 potuit
2177 1869 2490 1955 FerviuS,
2540 1890 2748 1957 quam
2788 1867 2991 1959 plane
3049 1887 3054 1890 ’

753 1971 1111 2040 debellatis
1186 1972 1572 2058 Titanibus,
1660 1982 1999 2064 exutoque
2084 1979 2471 2065 potestate
2507 1994 2628 2040 sua
2703 1970 2989 2041 Perfico.

753 2073 966 2160 Quod
1001 2074 1264 2145 bellum
1299 2075 1472 2145 nihil
1512 2075 1702 2144 aliud
1754 2099 1897 2145 esse
1914 2124 1935 2163 ,
1985 2098 2193 2165 quam
2217 2075 2560 2169 ingentem
2595 2085 2814 2144 terrae
2840 2096 2992 2143 mo-

747 2189 895 2247 tum
912 2226 935 2265 ,
982 2201 1124 2269 quo
1165 2178 1392 2248 denuo
1432 2189 1889 2273 proruperant
1929 2201 2138 2271 aegre
2177 2178 2479 2248 domitae
2514 2178 2768 2249 efferae
2817 2180 2992 2247 vires

748 2292 1025 2352 naturae
1041 2331 1064 2369 ‚
1116 2283 1601 2375 apertissimum
1636 2292 1756 2352 est.
1855 2284 1968 2353 Eo
2014 2282 2085 2350 in
2129 2282 2450 2352 conflictu
2492 2280 2684 2373 quod
2724 2281 2993 2350 territae

751 2387 955 2456 etiam
983 2388 1500 2457 immanissimae
1537 2387 1808 2458 belluae
1841 2408 1926 2456 ex
1967 2386 2243 2454 latebris
2278 2385 2409 2454 suis
2444 2385 2993 2477 inconspectum

748 2489 1030 2583 prodire
1078 2492 1293 2582 visae,
1369 2490 1803 2562 Centimanos
1856 2491 2142 2560 Fervius
2200 2488 2292 2557 ad
2341 2490 2663 2559 auxilium
2718 2511 2993 2559 vocasse
3128 2574 3136 2583 ⁶

751 2594 1015 2664 dicitur.
1131 2595 1237 2665 lta
1281 2595 1579 2686 superati
1615 2595 1930 2681 Titanes,
2008 2592 2518 2683 Centimauique
2558 2593 2638 2663 iis
2682 2593 2992 2666 custodes

750 2696 997 2765 additi:
1047 2697 1173 2766 sed
1204 2692 1594 2796 Βριάρεῳ,
1646 2697 1944 2784 Viriato,
1995 2698 2240 2767 coniux
2268 2696 2431 2767 data
2470 2690 2987 2791 Κυμοπόλεια,

749 2799 1203 2873 Vndicolona.
1311 2800 1407 2868 'ld
1450 2810 1550 2869 εει
1563 2849 1585 2887 ,
1633 2801 1909 2870 belluae
1948 2822 2022 2869 se
2068 2802 2140 2869 iu
2177 2800 2470 2868 latebras
2520 2822 2672 2868 suas
2709 2820 2994 2890 recepe-

752 2911 930 2993 runt,
979 2902 1488 3028 vastissimisque
1547 2927 1782 2974 earum
1851 2926 2040 2973 mare
2096 2904 2334 2973 datum
2384 2913 2517 2972 εει
2510 2902 2991 2972 habitandum.

752 3007 958 3077 Tunc
994 3001 1373 3105 Τυφωεύς,
1426 3006 1845 3100 Vaporinus‚
1894 3029 1981 3078 ex
2029 3009 2250 3079 Terra
2280 3016 2476 3078 natus
2489 3056 2512 3097 ,
2561 3007 2857 3079 restincti
2888 3005 2991 3073 in·-

751 3109 975 3181 cendii
1004 3132 1262 3202 vapore
1292 3110 1525 3182 adhuc
1551 3120 1930 3204 superante.
2943 3140 2952 3150 ·

958 3214 1270 3304 luppiter
1296 3206 1540 3305 i‘gitur,
1591 3217 1731 3285 sive
1767 3215 2051 3291 Pervius
2066 3261 2089 3301 ,
2151 3213 2404 3306 potitus
2441 3234 2659 3307 reg-no
2674 3259 2697 3299 ,
2767 3213 2993 3306 primo

752 3327 1034 3388 uxorem
1079 3317 1206 3386 sibi
1235 3317 1445 3386 iunxit
1480 3318 1626 3389 M
1579 3345 1786 3415 ητιν
1861 3317 2190 3405 censam,
2245 3340 2447 3407 quae
2460 3339 2623 3385 non
2639 3316 2862 3385 solum
2910 3315 2991 3383 fi-

749 3424 913 3492 liam
957 3444 1043 3493 ex
1096 3443 1182 3489 eo
1245 3421 1596 3513 concepit,
1676 3421 1800 3492 sed
1846 3430 2262 3514 conceptura
2312 3430 2458 3490 erat
2499 3415 2699 3489 etiam
2732 3413 2994 3504 filium,

751 3549 1004 3620 magua
1039 3533 1593 3617 exsuperaturum
1640 3526 1919 3597 ferocia.
2020 3524 2108 3594 ld
2152 3533 2286 3609 est,
2351 3524 2554 3593 animi
2600 3523 2992 3607 sollertiam,

753 3630 965 3700 semel
995 3630 1267 3700 fervore
1294 3639 1680 3721 correptam
1698 3677 1720 3716 ,
1769 3630 2020 3700 artibus
2039 3628 2355 3715 inventis,
2406 3627 2583 3696 nihil
2618 3649 2756 3695 non
2796 3627 2996 3695 fuisse

751 3742 1170 3803 tentaturam.
1289 3732 1490 3803 Vnde
1549 3757 1702 3803 eam
1768 3732 2123 3828 gravidam
2190 3740 2422 3801 ventre
2480 3753 2602 3800 suo
2656 3729 2990 3816 condidit,

756 3836 1059 3906 Fervius.
2542 3863 2547 3868 ·

956 3940 1129 4007 Inde
1169 3961 1447 4009 uxorem
1484 3938 1673 4009 duxit
1696 3938 1973 4034 Θέμιν,
2023 3936 2386 4027 Statinam,
2439 3959 2523 4008 ex
2559 3947 2697 4029 qua
2716 3934 2992 4032 ’πραῢ

754 4040 1127 4126 Tutilinas,
1183 4045 1511 4135 suscepit,
1560 4040 1971 4140 Εὐνομίην,
2023 4040 2279 4140 Δίκην,
2330 4035 2682 4138 Εἰρήνην,
2732 4038 2992 4127 Aequi-

752 4154 1001 4230 tatem,
1050 4144 1408 4231 Iustitiam,
1458 4149 1732 4217 Pacem.
1835 4148 1975 4216 Eas
2017 4169 2059 4213 a
2086 4145 2342 4213 tuendo
2372 4144 2604 4230 dictu,
2656 4141 2995 4212 Hesiodus

753 4249 901 4342 ipse
924 4255 1223 4317 testatur.
1324 4248 1591 4319 Deinde
1623 4248 1949 4347 Μοίρας,
2000 4248 2378 4333 Tribunas‚
2441 4239 2777 4337 Κλωθώ,
2830 4237 2994 4321 Λά-

742 4378 957 4445 χεσιν
969 4402 1001 4441 ,
1057 4347 1487 4449 ’ἉΑτροπον
1538 4353 1822 4439 Νείειιιι,
1897 4354 2233 4440 soniam,
2291 4353 2677 4423 Nevortam.
2799 4347 2993 4433 Qua-

757 4479 909 4526 rum
948 4476 1177 4528 rerum
1225 4456 1398 4526 ratio
1441 4464 1698 4548 aperta.
