3325 5317
882 476 1362 564 SERM9NIS
1422 473 1896 545 HOMERIGI
1949 477 2176 539 DISS.
2219 477 2262 540 1.
2609 481 2686 543 21

466 642 652 731 dari,
704 658 1031 739 apparet,
1117 650 1172 717 si
1209 633 1382 739 'quid
1424 649 1493 718 in
1537 648 1644 718 his
1698 649 2029 719 infinitum
2069 659 2201 737 est,
2250 647 2327 719 id
2367 674 2496 743 per
2537 674 2693 722 eum

462 751 824 843 significari
863 752 1146 820 modum
1189 753 1480 839 debere,
1536 775 1674 841 quo
1722 753 1890 842 quid
1928 755 2201 824 omnino
2243 757 2384 824 sine
2422 764 2694 845 tempo-

457 853 546 920 ris
589 854 930 924 notatione
973 865 1050 926 ut
1094 856 1421 927 incertum
1438 905 1458 940 ‚
1522 858 1803 945 solaque
1833 857 1903 924 in
1943 859 2357 948 cogitatione
2400 860 2694 949 positum

459 956 823 1026 indicatur:
875 959 930 1025 is
974 968 1071 1026 est
1112 969 1338 1028 autem
1378 960 1729 1050 optativus.
1830 958 2031 1029 Vnde
2059 960 2229 1029 illud
2273 960 2529 1031 dictum
2572 971 2694 1045 est,

461 1053 765 1134 πολλάκι
787 1087 922 1152 μιν
968 1059 1352 1147 ξείνισσεν,
1414 1055 1640 1135 ὁπότε
1675 1054 2080 1159 Κρήτηθεν
2129 1069 2398 1143 ἵκοιτο,
2453 1065 2693 1155 hospi-

458 1162 557 1230 tio
606 1185 766 1229 eum
815 1166 1128 1256 excepit,
1211 1163 1275 1233 si
1315 1164 1600 1256 quando
1617 1212 1638 1249 ‚
1700 1164 1815 1232 vel
1854 1167 2121 1255 quoties
2161 1167 2446 1235 veniret.
2547 1166 2693 1235 Sed

388 1257 393 1263 ⁴
459 1287 544 1333 ex
579 1264 719 1333 hoc
767 1266 952 1356 ipso,
1006 1265 1196 1357 quod
1218 1268 1552 1357 optativus
1592 1268 1778 1335 omni
1807 1269 2131 1358 temporis
2164 1271 2440 1353 notione
2486 1278 2690 1353 caret,

456 1366 658 1435 facile
685 1369 1085 1462 intelligitur
1103 1419 1125 1456 ,
1175 1370 1383 1456 nihil,
1434 1371 1558 1438 nisi
1599 1393 1793 1438 usum
1807 1418 1830 1454 ‚
1883 1372 2181 1456 obstare,
2232 1372 2397 1461 quin
2444 1371 2691 1440 eodem

456 1470 668 1538 modo
719 1472 919 1541 etiam
970 1473 1041 1541 in
1083 1418 1543 1566 praesen’tibus
1582 1482 1649 1543 et
1688 1474 1927 1578 futuris
1977 1484 2356 1566 usurpetur.
2454 1474 2692 1542 Restat

458 1573 589 1641 alia
615 1573 847 1644 adhuc
879 1577 1277 1645 conditionis
1318 1578 1595 1649 notatio.
1700 1575 1887 1660 Quas
1928 1576 2106 1647 enim
2153 1577 2475 1648 hactenus
2515 1577 2689 1646 vidi—

453 1699 599 1743 mus
617 1725 638 1758 ,
706 1701 935 1746 earum
977 1681 1202 1771 prima
1253 1682 1323 1748 in
1366 1680 1444 1747 iis
1461 1728 1481 1765 ‚
1546 1702 1723 1769 quae
1780 1688 1966 1747 certa
2016 1689 2201 1766 sunt,
2252 1681 2689 1764 versabatur,

454 1781 566 1848 cui
598 1779 959 1849 destinatus
1016 1792 1116 1850 est
1157 1781 1587 1863 indicativus3
1652 1781 1947 1852 secunda
1986 1793 2131 1852 erat
2176 1807 2445 1868 eorum,
2512 1806 2697 1872 quae·

452 1883 663 1951 sintne
709 1907 796 1951 an
837 1908 974 1953 non
1011 1886 1139 1952 sint
1153 1934 1176 1970 ‚
1229 1886 1528 1953 nondum
1570 1886 1812 1954 scimus
1828 1934 1849 1971 ‚
1920 1887 2031 1955 cui
2069 1888 2268 1956 servit
2316 1887 2693 1956 coniuncti-

450 2008 606 2067 vus3
654 1990 853 2056 tertia
894 1989 1279 2059 continebat
1317 2012 1398 2057 ea
1411 2036 1432 2072 ‚
1483 2011 1657 2078 quae
1707 1988 1845 2056 sive
1888 1999 2039 2056 sunt
2053 2037 2074 2073 ‚
2143 1990 2306 2058 sive·
2330 2012 2467 2057 non
2513 1995 2738 2073 sunt,6

452 2090 787 2157 sumimus.
803 2114 980 2176 esse,
1031 2093 1217 2161 cuius
1246 2092 1562 2183 proprius
1597 2101 1698 2159 est
1721 2092 2070 2182 optativus.
2174 2093 2322 2160 Iam
2347 2092 2453 2161 his
2477 2114 2689 2185 ‚quar—

449 2199 532 2261 ta‘
562 2194 855 2279 accedit,
918 2218 1093 2284 quae
1139 2205 1239 2263 est
1280 2217 1550 2279 eorum,
1626 2218 1808 2283 quae
1846 2195 1941 2264 sic
1982 2196 2308 2264 sumimus
2350 2219 2528 2282 esse,
2614 2204 2690 2262 ut

432 2297 651 2364 *simul
708 2318 845 2365 non
868 2320 1033 2366 -esse
1076 2299 1532 2367 confiteamur.
1634 2298 1716 2365 In
1761 2319 1898 2386 qua
1946 2298 2268 2387 quoniam
2306 2298 2487 2383 hoc,
2551 2320 2700 2373 non,

455 2422 597 2467 esse
638 2400 930 2489 aliquid,
1000 2411 1263 2472 certum
1309 2411 1444 2470 est:
1507 2400 1768 2491 placuit
1816 2400 2099 2469 Graecis
2157 2398 2371 2469 modo
2420 2401 2520 2470 uti
2579 2422 2697 2484 eo,

448 2525 585 2592 quo
630 2501 829 2571 simul
863 2513 931 2571 et
974 2527 1084 2572 res
1124 2514 1349 2588 certa,
1400 2512 1470 2570 et
1513 2525 1692 2592 quae
1741 2524 1886 2570 non
1924 2512 2058 2588 est,
2109 2502 2518 2573 indicaretur
2534 2550 2555 2587 ‚
2606 2501 2682 2570 id

411 2641 415 2646 v
451 2615 549 2674 est
599 2605 960 2676 indicativo
1009 2608 1529 2728 praeteritorum
1545 2654 1566 2690 ‚
1637 2614 1925 2694 excepto
1940 2649 1961 2688 ,
2012 2613 2089 2674 ιιι
2129 2627 2257 2695 par
2295 2615 2438 2674 erat
2452 2654 2473 2690 ,
2522 2627 2690 2697 per-

446 2710 673 2794 fecto,
774 2710 964 2800 quod
1018 2713 1090 2778 in
1160 2710 1301 2780 hoc
1372 2708 1739 2801 praesentis
1796 2707 2195 2800 significatio
2260 2708 2695 2799 reperiretur

445 2812 687 2901 Itaque
731 2812 921 2902 quod
968 2814 1225 2899 Latini,
1274 2813 1338 2882 si
1375 2812 1511 2882 hoc
1552 2819 1732 2881 esset
1776 2811 1889 2879 vel
1916 2808 2207 2904 suisset,
2270 2810 2523 2883 Graeci
2561 2834 2689 2902 per

445 2915 881 2987 indicativum
939 2917 1326 3010 imperfecti
1387 2917 1501 2986 vel
1574 2914 2236 3007 plusquamperfecti
2284 2916 2409 2986 νει
2464 2914 2690 3006 aoristi

445 3019 695 3089 dicunt.

649 3123 780 3192 His
822 3124 1057 3214 positis
1101 3123 1293 3213 quasi
1342 3057 1793 3191 fundamentis
1807 3169 1829 3207 ‚
1893 3121 2243 3191 sententias
2275 3120 2691 3212 temporales

445 3227 818 3296 accuratius
848 3228 1363 3297 consideremus.
1461 3227 1586 3295 Est
1615 3234 1841 3296 autem
1873 3237 2105 3294 earum
2149 3224 2492 3315 aliquanto
2534 3227 2693 3291 ma'-

444 3330 550 3397 ior
603 3352 949 3417 ιιιιιιιειιιε,
1020 3355 1227 3421 quam
1285 3330 1498 3398 visum
1552 3339 1651 3398 est
1715 3327 2147 3398 Thierschio.
2249 3327 2442 3415 Quid
2484 3329 2688 3412 enim,

446 3456 607 3500 num
645 3430 842 3529 ὄφρα
856 3451 902 3521 ,‘
954 3439 1079 3515 ἕως
1094 3488 1123 3522 ,
1187 3430 1458 3521 εἰςόκε,
1488 3430 1684 3528 νπρίν
1726 3453 1865 3498 ιιοιι
1906 3440 2055 3500 sunt
2092 3427 2467 3523 particulae
2504 3439 2696 3497 tem-·

444 3535 764 3628 porales?
867 3536 1053 3621 Quin
1079 3536 1269 3605 haud
1290 3558 1452 3608 raro.
1476 3535 1677 3604 etiam
1704 3535 2108 3624 pronomina
2136 3536 2235 3604 sic
2261 3540 2692 3624 usurpantur,

445 3649 522 3709 ιιι
559 3639 851 3730 apertius
878 3642 1118 3711 tectius
1159 3638 1482 3731 temporis
1507 3638 1922 3708 notationem
1951 3637 2351 3720 contineant.
2385 3683 2394 3691 -
2454 3634 2694 3720 Quare

445 3765 533 3810 ne
578 3742 756 3813 haec
798 3743 1077 3832 quidem
1110 3765 1386 3835 prorsus
1432 3741 1856 3835 negligenda
1891 3750 2226 3832 putamuS.
2347 3737 2684 3809 Omnino-

443 3869 614 3934 que,
680 3866 891 3935 quum
941 3872 1027 3917 ne
1084 3848 1390 3916 finalium
1454 3845 1744 3935 quidem
1784 3843 2268 3935 particularum
2324 3843 2465 3912 alia1
2507 3842 2679 3912 ratio

444 3951 527 4017 sit
542 3973 566 4034 ·,
646 3950 743 4016 ita
784 3949 1251 4035 disseremuS‚.
1290 3960 1367 4017 ιιι
1440 3950 1658 4040 magis
1722 3948 1824 4015 de
1882 3946 2102 4015 modo
2161 3944 2385 4032 verbi,
2472 3970 2679 4037 quam

442 4061 665 4120 utrum
716 4052 772 4120 is
832 4077 990 4125 cum
1043 4053 1405 4146 temporali
1457 4076 1541 4121 an
1619 4051 1806 4118 finali
1864 4049 2200 4142 particula
2259 4052 2523 4120 innotus
2597 4050 2680 4118 sit

437 4179 855 4246 quaeramus,

641 4259 1057 4351 Incipiamus
1093 4269 1317 4329 autem
1357 4259 1453 4327 ab
1477 4255 1910 4380 indicativo,
1955 4278 2094 4347 quo
2132 4254 2462 4326 utendum
2512 4277 2678 4334 esse,

441 4362 563 4430 ubi
605 4362 730 4432 de
751 4386 827 4431 re
885 4375 1076 4433 certa
1125 4385 1346 4434 sermo
1402 4371 1501 4432 est
1517 4411 1557 4447 ‚
1588 4363 1729 4431 sive
1775 4384 1859 4438 ea
1912 4359 2093 4433 facta
2134 4360 2253 4445 sit,
2355 4359 2491 4428 sive
2532 4357 2672 4439 fiat,

438 4458 581 4535 sive
659 4466 886 4535 futura
953 4468 1073 4570 sit,
1182 4478 1321 4536 tam
1386 4476 1731 4561 apertum
1784 4472 1914 4549 est,
2015 4473 2089 4534 ut
2151 4485 2310 4532 non
2380 4460 2680 4552 putarim
