3325 5317
1157 413 1823 512 mssnnumo.
2536 420 2626 484 oo

580 585 846 663 λοῦταί
883 616 965 683 γε
1003 585 1152 688 μήν
1199 576 1593 689 λουτήριον
1638 580 1834 702 avim*
1873 580 2236 687 δεύτερον.

374 739 832 810 Scribendum
883 749 1122 834 puto,--
1159 743 1465 831 quamvis
1514 742 1585 810 in
1630 742 1918 836 satyrica
1966 741 2237 827 fabula,
2298 732 2620 837 λουτήρι’

324 917 337 924 ,
376 839 575 917 αὐτοὶ
600 838 930 946 δεύτερα.
1037 841 1414 937 suspiceris
1453 854 1723 931 nutem,
1773 845 2071 915 secunda
2111 844 2289 916 haec
2330 843 2469 914 dici
2512 843 2615 911 la-

376 969 578 1015 vacra
633 958 922 1039 propter
980 947 1278 1018 thermas
1331 934 1727 1041 Egestaeas.
1850 949 2100 1019 Paullo
2157 957 2319 1039 post
2380 945 2620 1021 credas

375 1052 674 1141 positum
710 1050 914 1121 fuisse
950 1074 1216 1121 versum
1230 1101 1252 1139 ‚
1304 1075 1509 1146 quem
1540 1052 1763 1121 statim
1804 1051 2000 1122 addit
2040 1053 2311 1143 Pollux,
2343 1109 2348 1114 .

580 1199 744 1278 ἀλλ’
796 1208 871 1278 ἐκ
920 1203 1280 1300 μεγίστων
1333 1201 1669 1305 εὐμαρῶς
1708 1203 2133 1305 λουτηρίων.

381 1353 678 1425 Venerat
721 1363 947 1426 autem
1000 1358 1332 1428 Hercules
1370 1359 1440 1426 in'
1482 1358 1788 1429 Siciliam
1802 1411 1826 1449 ,
1904 1381 2115 1449 quum
2156 1359 2222 1429 ei
2260 1355 2629 1448 Geryonae

386 1469 688 1529 armenta
733 1463 962 1552 agenti
1016 1471 1244 1531 taurus
1294 1461 1382 1530 ab
1421 1462 1710 1555 Rhegio
1748 1463 1821 1532 in
1872 1462 2173 1540 Siciliam
2217 1468 2629 1547 tranatasset,

381 1573 457 1631 ut
482 1563 956 1657 Apollodorus
978 1563 1067 1632 11.
1112 1562 1186 1651 5,
1218 1565 1339 1634 lo.
1380 1587 1453 1656 p.
1488 1564 1672 1654 134.
1703 1565 1968 1654 scribit,
2018 1588 2227 1657 quam
2253 1588 2402 1633 rem
2422 1564 2628 1632 etiam

388 1666 748 1757 Dionysius
806 1668 1036 1742 Halic.
1081 1670 1237 1738 Ant.
1278 1670 1485 1738 Rom.
1537 1669 1593 1741 Ι.
1639 1692 1714 1761 p.
1758 1667 1898 1755 28,
1961 1667 2037 1745 4.
2105 1668 2243 1739 ed.·
2278 1666 2474 1757 sylb.
2536 1688 2620 1735 ex
2638 1676 2721 1739 12

390 1771 752 1839 Hellanico
770 1816 792 1854 ‚
860 1771 983 1839 sed
1022 1772 1210 1839 nulla
1258 1771 1523 1865 Rhegii
1569 1775 1916 1843 mentione
1954 1772 2171 1855 Τισίας
2221 1781 2324 1854 ¹et
2384 1770 2626 1862 paullo

394 1875 622 1960 aliter,
686 1873 803 1961 qui
840 1876 1143 1943 meminit
1173 1876 1324 1969 agri
1362 1874 1704 1969 Rhegini‚
1754 1874 2102 1947 Diodorus
2136 1873 2260 1946 lv.
2300 1872 2424 1944 23.
2466 1896 2627 1942 nar-

381 1986 548 2046 rant.
630 1976 811 2046 Vide
850 1977 1240 2047 Cluverium
1274 1980 1345 2049 in
1388 1979 1541 2047 Ital.
1581 1989 1716 2049 ant.
1758 1979 1813 2048 1.
1850 1979 1918 2048 l.
1946 1989 2023 2071 p.
2053 1975 2126 2048 5.
2163 2001 2249 2054 ss.
2350 1977 2624 2047 Diodo-

381 2104 489 2149 rus
517 2080 795 2171 quidem
831 2082 1203 2151 Herculem
1246 2082 1475 2152 nando
1520 2082 1859 2154 traiecisse
1898 2084 2154 2152 fretum
2197 2082 2395 2168 dicit,
2443 2080 2629 2149 unde

385 2184 749 2255 audaciora
795 2187 1169 2253 amantibus
1204 2186 1338 2255 alia
1381 2195 1575 2276 patet
1607 2188 1753 2272 via,
1805 2209 1944 2276 qua
1974 2179 2324 2283 λουτήρια
2348 2185 2480 2252 ista
2508 2207 2629 2254 ex-
2664 2271 2668 2276 ι

381 2289 656 2379 plicent.
757 2289 864 2357 Ex
891 2289 1026 2355 illa
1058 2298 1286 2358 autem
1312 2290 1574 2381 Rhegii
1603 2291 1945 2360 mentione
1972 2289 2294 2381 colligas,
2345 2288 2628 2364 fortasse

386 2392 473 2460 ad
502 2392 819 2461 Pontium
853 2391 1196 2463 Glaucum
1231 2395 1603 2484 pertinere,
1671 2416 1848 2484 quae
1893 2394 2143 2463 Strabo
2180 2415 2253 2484 p.
2304 2390 2477 2460 396.
2520 2391 2630 2459 his

386 2496 605 2565 verbis
648 2495 913 2564 retulit:
967 2489 1320 2595 ω’νομᾶθη
1364 2497 1442 2569 δὲ
1486 2490 1816 2593 Ῥήγιον,
1870 2491 2028 2570 εἴθ’
2069 2491 2161 2577 οἷς
2209 2519 2430 2593 φησιν
2468 2494 2626 2569 Αἰ·-

387 2592 679 2690 σχύλος,
735 2592 859 2671 dui
880 2591 984 2671 ’τό
1014 2592 1304 2691 συμβοὶν
1332 2591 1576 2680 πάθος
1604 2599 1701 2697 τῇ
1732 2592 1931 2696 χ’ὥρᾳ
1961 2590 2230 2696 ταύτῃ·
2284 2593 2630 2696 οἷπορῤα-

387 2702 595 2798 γῆναι
633 2694 773 2797 γοῖρ
809 2693 962 2773 α’πό
1005 2702 1134 2798 τῆς
1175 2699 1477 2798 ἠπείρου
1527 2694 1665 2799 τήν
1704 2698 2049 2777 Σικελίαν
2091 2693 2252 2775 ind·
2277 2699 2625 2795 σεισμῶν,

384 2803 589 2879 ἄλλοι
633 2830 719 2880 ’τε
767 2798 1086 2886 κάκεῖνος
1126 2806 1445 2904 εἴρηκεν,
1675 2823 1680 2826 ’

1249 2970 1377 3073 ἀφ’
1427 2969 1518 3052 οὗ
1560 2966 1655 3075 δή
1689 2945 1994 3075 Ῥήγιον
2040 2970 2524 3076 κικλήσκεται.

385 3166 484 3235 Ac
511 3166 670 3233 loca
699 3163 881 3235 circa
907 3163 1262 3257 Rhegium
1279 3212 1301 3250 ‚
1350 3165 1718 3256 ipsumque
1756 3164 2114 3258 Rhegium
2157 3166 2246 3234 ab
2273 3162 2623 3255 Aeschylo

385 3278 914 3340 commemorata
968 3292 1140 3354 esse,
1218 3290 1331 3351 ex,
1360 3267 1717 3358 Hesychio
1781 3268 2092 3340 discimus
2110 3317 2132 3355 ‚
2184 3268 2376 3358 apud
2419 3291 2625 3357 quem

383 3394 778 3463 perperam,
828 3381 905 3439 ut
954 3372 1277 3461 equidem
1318 3371 1650 3458 existimo,
1702 3372 2074 3441 Potniensis
2120 3370 2433 3441 Glaucus
2490 3393 2623 3461 pro
2662 3441 2666 3445 .

385 3477 624 3544 Pontio
679 3476 917 3545 citatur
960 3478 1033 3544 in
1062 3455 1204 3544 his:
1253 3474 1575 3572 Ξιφίρου
1604 3468 1857 3573 λιμήν,
1906 3467 2270 3595 Atqui-oc
2313 3466 2621 3567 Γλαύκῳ

391 3584 718 3665 Ποτνιεῒ,
774 3577 816 3651 o‘
847 3571 1188 3675 πορθμός
1209 3600 1228 3620 ·
1279 3578 1520 3650 ταῦτα
1550 3571 1691 3674 γοῖρ
1725 3572 1970 3658 πάντα
1997 3605 2094 3650 τοι
2126 3575 2292 3672 περὶ
2318 3568 2621 3670 Ῥήγιον

389 3679 673 3778 (ὀρείων.
742 3681 846 3749 Ita
871 3681 1108 3750 codex.
1182 3680 1584 3773 Corrigunt‚
1634 3679 1992 3775 τῶνπερὶ
2028 3672 2331 3775 Ῥήγιον
2375 3675 2618 3771 ὁρίων,
2661 3759 2667 3764 ,

352 3833 356 3839 ι
390 3784 501 3853 vel
551 3782 883 3878 νεωρίων.
1006 3784 1444 3854 casaubonus
1489 3792 1717 3852 autem
1771 3784 1864 3850 ad
1908 3777 2160 3851 Athen.
2183 3775 2283 3872 'p.
2323 3776 2498 3849 17⁰.
2554 3790 2624 3852 et

387 3883 604 3961 Hadr.
646 3887 872 3957 Iunius
900 3882 1241 3984 Ξιφήρου
1281 3880 1506 3982 λιμήν
1545 3886 1876 3972 scribunt,
1942 3907 2084 3976 quo
2120 3883 2297 3954 nihil
2333 3879 2623 3984 profici-
2653 3877 2660 3882 “

385 4013 551 4059 mus·
650 3990 857 4059 Malit
898 3992 1046 4081 quis
1089 3990 1372 4059 forsitan
1422 3981 1770 4085 Ζεφύρου
1811 3989 1926 4058 vel
1957 3987 2333 4085 Ζεφυρίου
2375 3983 2617 4081 λιμήν.

387 4094 559 4161 Nam
596 4117 736 4162 non
763 4096 994 4187 longe
1051 4095 1242 4162 abest
1292 4091 1835 4185 promontorium
1874 4092 2299 4185 Zephyrium
2323 4141 2349 4180 ‚
2395 4093 2410 4114 Χ
2425 4092 2623 4183 quod
2755 4113 2760 4118 ·

387 4191 727 4294 Ζεφύρου
768 4196 990 4293 ἄκρην
1031 4205 1235 4266 vocat
1268 4196 1624 4284 Dionysius
1666 4195 1940 4290 Perieg.
1981 4219 2047 4266 v.
2094 4193 2269 4264 364.
2322 4197 2456 4265 sub·
2494 4218 2620 4264 eo-

384 4321 517 4388 que
561 4307 800 4393 portus
841 4301 990 4369 fuit.
1068 4301 1320 4371 Strabo
1364 4300 1485 4371 Vl.
1529 4321 1602 4390 p.
1629 4298 1806 4369 39⁷.
1856 4292 2052 4394 μετοῖ
2110 4299 2189 4373 δὲ
2231 4292 2326 4373 τό
2363 4291 2620 4393 ‘Huni-'-

386 4408 621 4478 κλειον
663 4401 861 4502 ἄκρα
896 4403 1024 4502 τῆς
1063 4402 1468 4503 Λοκρίδος,
1518 4403 1566 4501 ἢ
1593 4409 1924 4480 καλεῖται
1950 4393 2350 4500 Ζεφύριον,
2397 4401 2616 4490 ἔχου-
