3325 5317
1153 448 1498 511 FRIDER
1520 447 1687 511 [co
1741 448 2189 512 AvasTo
2246 450 2480 515 REGI

1057 623 1207 691 Iam
1249 631 1426 691 serta
1468 622 1743 715 templis
1786 620 2079 708 addere,
2127 623 2267 694 iam
2307 625 2510 696 decet

1057 728 1228 799 Aras
1269 726 1362 794 ad
1409 747 1638 795 omnes
1681 734 1750 795 et
1785 727 2128 819 populum
2180 739 2250 798 et
2296 740 2524 823 patres
2601 758 2608 765 ·

1162 830 1441 901 Sincera
1485 838 1827 923 gratantes
1858 829 2087 900 dicare

1265 933 1482 1021 Vota,
1529 933 2158 1026 pii-monimentum
2201 936 2465 1006 amoris.

1058 1205 1210 1274 lam
1259 1203 1366 1273 fas
1404 1203 1792 1296 puellarum
1839 1225 1924 1276 ac
1964 1205 2284 1275 iuvenum
2330 1203 2580 1279 choros

1062 1308 1351 1378 versare
1395 1309 1583 1401 gyris
1628 1306 1996 1377 mobilibus
2029 1308 2323 1403 pedem,

1165 1411 1409 1480 Donec
1451 1411 1666 1480 redux
1717 1412 1987 1481 Aurora
2036 1411 2258 1505 pellet

1266 1514 1502 1586 Noctis
1546 1537 1758 1606 equos
1808 1516 2088 1586 nimium
2125 1515 2429 1610 fugaces.

1066 1784 1318 1873 Tuque
1334 1831 1358 1871 ‚
1425 1805 1472 1853 o
1513 1779 1860 1873 Thyoneu
1876 1831 1898 1868 ‚
1960 1782 2252 1853 laetitiae
2294 1784 2525 1874 dator,

1062 1887 1302 1972 Adsis,
1377 1886 1617 1956 virenti
1665 1895 1978 1977 tempora
2033 1888 2364 1980 pampino

1167 1989 1440 2062 cinctus
1456 2044 1478 2079 ‚
1528 1987 2078 2080 resignatumque
2121 1991 2330 2084 largis

1269 2094 1518 2165 Funde
1564 2093 1753 2163 cadis
1789 2102 2089 2163 veterem
2133 2094 2491 2185 liquorem.

1071 2366 1188 2435 Tu
1232 2372 1472 2457 pectus
1501 2354 1749 2458 imples
1794 2366 1960 2460 igne
2001 2388 2227 2452 sacro,
2284 2373 2512 2458 pater:

1068 2469 1186 2540 Tu
1241 2471 1451 2538 verba
1491 2479 1821 2540 monstras
1860 2490 2178 2562 promere
2215 2469 2431 2539 libera
2445 2493 2469 2540 z

1171 2572 1288 2642 Tu
1331 2572 1453 2641 das
1497 2574 1788 2645 amicam
1829 2573 2263 2659 oblivionem,

1326 2675 1743 2771 Thyn-igar,
1793 2678 2065 2750 uberius
2091 2677 2448 2750 remiscens

1076 2947 1419 3020 Crateras:
1466 2959 1570 3021 est
1611 2967 1824 3040 quum
1860 2973 1998 3020 non
2042 2949 2418 3021 meminisse
2457 2949 2624 3040 quid
2720 2969 2723 2972 ’

1076 3051 1449 3138 Οοιιᾱιιοὶῐ,
1502 3063 1571 3124 et
1610 3078 1788 3144 quae
1834 3054 2019 3124 facta
2063 3054 2274 3125 semel
2311 3062 2495 3124 retro

1179 3155 1403 3226 Flecti
1439 3168 1765 3250 negatum
1785 3207 1808 3245 ,
1859 3159 2264 3252 corrigenda

1282 3258 1623 3350 Linquere
1658 3269 1821 3353 post
1859 3262 1999 3330 alio
2038 3264 2163 3331 sub
2208 3268 2406 3331 astro.

1081 3528 1282 3600 Adsis
1299 3577 1321 3616 ,
1382 3553 1745 3624 precamur
1758 3583 1781 3621 ,
1849 3533 2188 3624 dulceque
2229 3532 2542 3626 porrigas
2611 3600 2616 3603 .

1079 3634 1437 3722 Solamen,
1488 3647 1564 3705 ut
1601 3661 1737 3727 qua
1784 3647 2011 3708 mente
2046 3639 2246 3709 decet
2287 3659 2546 3707 sacram

1180 3738 1444 3808 Lucem
1472 3740 1775 3811 colamus
1790 3789 1812 3828 ‚
1864 3742 2119 3832 quique
2164 3742 2237 3809 in
2275 3741 2426 3809 imis

1293 3842 1477 3913 vivit
1518 3866 1712 3915 amor
1754 3845 2046 3916 residens
2086 3843 2436 3931 medullis,

1088 4129 1306 4201 Grato
1337 4135 1673 4226 rependat
1714 4143 2000 4228 pectore
2033 4134 2354 4205 debitum

1090 4231 1281 4304 Hvrc
1301 4284 1323 4321 ‚
1374 4240 1499 4326 qui·
1530 4241 1870 4309 iuventam
1910 4239 2076 4308 dum
2113 4240 2401 4309 viridem
2431 4237 2642 4311 dabat

1194 4338 1401 4407 Aetas
1414 4388 1435 4426 ,
1501 4342 1826 4413 decoram
1870 4366 2081 4435 quum
2117 4352 2392 4415 senecta
2502 4386 2512 4396 .

1298 4439 1629 4535 Canitiem
1672 4447 1832 4520 tulit
1846 4495 1869 4537 ‚
1918 4470 2132 4541 usque
2164 4456 2472 4521 constans
2488 4496 2510 4536 ,
2563 4506 2568 4513 .
