3325 5317
736 481 865 543 164
1015 477 1135 538 DE
1190 474 1519 539 CHORO
1577 474 2165 539 EVMENIDVM
2216 471 2689 551 AESCHYLI

732 647 965 720 iudicii
1004 647 1183 717 illius
1224 647 1660 718 mentionem·
1679 648 1946 734 fecere,
1999 668 2140 717 nou
2176 645 2391 716 modo
2425 646 2517 717 de
2560 645 2965 717 Eumenidi-

734 754 863 821 bus
898 751 1072 821 nihil
1111 751 1338 822 dicere
1353 800 1376 838 ,
1423 751 1547 821 sed
1587 751 1844 822 crimen
1888 751 2091 820 etiam
2124 740 2425 820 indicere
2468 751 2678 820 aliud.
2781 750 2960 819 Sim-

733 854 1006 949 pliciter
1029 855 1387 946 impietatis
1424 878 1617 926 reum
1641 856 1898 926 factum
1939 855 2106 926 dicit
2124 856 2440 924 Aelianus
2468 855 2554 922 V.
2586 854 2679 922 H.
2712 851 2797 926 V.
2838 852 2958 921 19.

737 952 1100 1049 Αἰσχύλος
1144 955 1188 1033 6
1232 951 1599 1055 τραγῳδός
1648 957 1970 1056 ἐκρίνετο
2027 954 2357 1051 ἀσεβείας
2401 955 2522 1032 ἐπί
2578 981 2733 1030 τινι
2747 950 2959 1078 δρά-

734 1089 945 1156 ματι.
996 1059 1309 1154 ετοίμων
1351 1057 1485 1134 οὖν
1528 1058 1763 1135 ὄντων
1793 1058 2216 1184 Ἀθηναίων
2241 1055 2571 1154 βάλλειν
2579 1052 2810 1132 αὐτόν
2841 1056 2961 1134 λί-

734 1173 953 1253 θοις,
1015 1159 1394 1256 Ἀμεινίας
1442 1160 1487 1236 6
1520 1189 1866 1257 νεωτερος
1917 1156 2266 1258 ἀδελφός,
2337 1154 2963 1256 διακαλυψάμενος

723 1260 831 1342 .το“
864 1260 1201 1358 ἱμάτιον,
1253 1266 1473 1348 ἔδειξε
1515 1260 1653 1340 τόν
1690 1266 1924 1388 πῆχυν
1964 1268 2238 1363 ἔρημον
2276 1266 2404 1356 τῆς
2442 1290 2700 1359 χειρος.
2751 1265 2962 1354 ἔτυχε

739 1370 818 1443 δὲ
869 1362 1270 1466 ἀριστεύων
1314 1373 1392 1442 ἐν
1445 1364 1821 1463 Σαλαμῖνι
1877 1365 1922 1443 6
1956 1367 2376 1461 Ἀμεινίας,
2459 1346 2962 1495 ἀποβεβληκώς

733 1498 872 1571 την
917 1477 1162 1570 χεῖρα,
1225 1469 1348 1545 καὶ
1359 1497 1671 1600 πρωτος
1709 1467 2131 1560 Ἀθηναίων
2170 1498 2317 1544 των
2369 1467 2750 1589 ἀριστείων
2787 1470 2961 1542 ἔτυ-

733 1601 881 1667 χεν.
985 1573 1161 1648 ἐπεὶ
1194 1575 1273 1648 δὲ
1320 1570 1517 1696 eido-v
1559 1580 1632 1648 οἱ
1674 1573 2019 1648 δικασται
2063 1574 2200 1647 τοῦ
2240 1568 2508 1692 ἀνδρδς
2557 1565 2652 1645 τό
2695 1564 2961 1659 πάθος,
3046 1641 3056 1654 ,

733 1671 1303 1799 ύπεμνήσθησαν
1380 1675 1529 1749 τῶν
1608 1676 1832 1772 ἔργων
1903 1673 2179 1766 αὐτοῦ,
2249 1676 2400 1749 καὶ
2459 1671 2748 1770 ’ἀφῆκαν
2823 1666 2961 1746 τόν

679 1848 688 1853 ,
732 1772 1127 1868 Αἰσχύλον.
1203 1778 1590 1848 Distiuotius
1619 1778 1870 1848 caeteri
1898 1780 2154 1849 crimen
2190 1779 2367 1847 illud
2404 1778 2721 1849 iudicant.
2799 1774 2962 1844 Ari-

732 1881 1065 1950 stoteles
1046 1904 1113 1948 ιιι
1149 1880 1315 1949 Eth.
1363 1882 1629 1952 Nicom.
1669 1882 1792 1953 ΠΙ.
1835 1880 1906 1949 2.
1949 1880 2109 1955 οἷον
2133 1883 2457 1976 λέγοντές
2488 1905 2711 1977 φασιν
2745 1883 2961 1953 ἐκπε-

734 1990 888 2058 σεῖν
936 1976 1240 2073 αύτούς,
1306 1984 1356 2083 ἢ
1400 1980 1532 2058 οὐκ
1579 1984 1885 2075 εἰδέναι,
1951 1982 2076 2058 ὅτι
2121 1979 2501 2082 ἀπόρρητα
2543 1979 2679 2076 ἦν,
2732 1979 2958 2076 ὥςπερ

732 2079 1094 2178 Αἰσχύλος
1133 2080 1232 2160 τά
1273 2082 1614 2181 μυστικά.
1660 2087 1977 2158 Clemens
2017 2089 2213 2159 Alex.
2253 2089 2503 2157 Strom.
2545 2086 2634 2154 11.
2680 2109 2754 2178 p.
2785 2081 2959 2151 387.

730 2183 1226 2281 ωςΑἰσχύλος,
1279 2184 1377 2264 τά
1396 2183 1766 2314 μυστήρια
1797 2190 1914 2265 ἐπι
1935 2190 2186 2289 σκηνῆς
2210 2184 2530 2280 ἕξειπων,
2584 2193 2662 2264 έν
2692 2184 2957 2309 Ἀρείῳ

730 2320 935 2388 παγῳ
971 2291 1287 2389 κριθείς,
1350 2290 1577 2374 οὕτως
1615 2291 1930 2392 ἀφείθη,
1981 2292 2331 2376 ἐπιδείξας
2375 2285 2644 2367 savz-62·
2686 2316 2790 2385 μη
2824 2314 2961 2383 με-

725 2422 926 2494 μυημ
935 2396 1119 2470 ένον.
1224 2395 1595 2466 Audiamus
1624 2419 1804 2467 nunc
1847 2397 2255 2466 Eustratium
2293 2396 2384 2465 ad
2429 2394 2808 2466 Aristotelis
2848 2392 2961 2460 lo-

635 2514 642 2527 *
727 2521 889 2570 cum
927 2498 1053 2567 fol.
1098 2497 1222 2568 4⁰.
1271 2524 1333 2568 a.
1379 2502 1581 2574 δοκεῖ
1607 2494 1749 2593 γάρ
1786 2494 2145 2592 Αἰσχύλος
2180 2501 2410 2630 λέγειν
2436 2490 2756 2593 μυστικά
2786 2523 2960 2571 τινα

727 2604 808 2676 ἕν
848 2629 933 2674 τε
961 2607 1123 2685 ταῖς
1157 2596 1495 2686 Τοξότισι
1525 2631 1642 2676 και
1670 2601 2040 2701 Ἰερείαις,
2092 2602 2212 2676 καὶ
2241 2608 2318 2677 ἐν
2332 2595 2646 2696 Σισύφῳ
2680 2624 2958 2720 πετρο-

727 2704 1066 2826 κυλιστῃ,
1130 2703 1251 2776 καὶ
1296 2709 1373 2778 ἐν
1423 2701 1860 2801 Ἰφιγενεία,
1927 2705 2048 2779 καὶ
2097 2710 2176 2780 ἐν
2231 2703 2608 2779 Οἰδίποδι·
2689 2706 2767 2776 ἐν
2814 2694 2956 2798 γάρ

725 2799 1022 2885 τούτοις
1063 2831 1245 2878 πασι
1292 2805 1459 2901 περὶ
1488 2802 1880 2905 Δήμητρος
1914 2810 2178 2902 λέγων,
2229 2808 2378 2880 τῶν
2402 2805 2959 2928 μυστικωτέρων

725 2900 1287 3004 περιεργότερον
1316 2905 1692 2983 ἅπτεσθαι
1721 2911 1930 2983 ἔοικε.
1994 2912 2182 3004 λέγει
2216 2910 2294 2985 δὲ
2322 2938 2441 2983 και
2467 2909 2635 3033 περὶ
2665 2898 2958 2998 Αἰσχύ-’

724 3015 858 3084 λου
916 3007 1035 3081 καὶ
1095 3006 1571 3110 Ἡρακλείδης
1634 3008 1680 3085 6
1742 3008 2105 3143 Ποντικός
2172 3017 2251 3088 ἐν
2315 3041 2420 3108 τῳ
2476 3006 2734 3113 πρω’τῳ
2791 3007 2957 3107 περὶ

721 3107 1120 3209 Ομήρου,
1165 3141 1255 3195 ως
1279 3107 1822 3197 κινδυνεύοντος
1857 3115 1975 3189 έπι
2021 3117 2266 3238 σκηνῆς
2302 3113 2792 3212 ἀναιρεθῆναι
2836 3111 2967 3193 επὶ,

722 3243 828 3311 τῳ
870 3242 1019 3287 των
1056 3242 1430 3309 μυστικων
1463 3220 1863 3345 προφέρειν
1896 3212 2071 3292 τινά
2113 3224 2392 3309 δοκεῖν,
2449 3220 2519 3291 εἰ
2533 3213 2640 3311 μή
2675 3241 2953 3313 προαι-

724 3312 1088 3411 σθόμενος
1131 3320 1530 3414 κατέφυγεν
1574 3319 1688 3393 επὶ
1730 3312 1865 3393 τδν
1908 3321 2049 3394 τοῦ
2086 3316 2459 3396 Διονύσου
2491 3314 2781 3446 βωμόν.
2833 3315 2957 3390 καὶ

718 3422 871 3494 τῶν
926 3416 1475 3517 Ἀρεοπαγιτῶν
1534 3416 1763 3495 αὐτόν
1816 3425 2507 3548 παραιτησαμένων,
2596 3420 2687 3506 ὥς
2737 3418 2956 3518 ὀφεί-

722 3529 949 3599 λοντα
1013 3524 1367 3622 κριθῆναι
1445 3550 1775 3621 πρωτον,
1867 3519 2102 3601 ἐδόκει
2161 3524 2587 3622 ύπαχθῆναι
2677 3527 2776 3607 εἰς
2832 3526 2956 3598 δι-

721 3621 1118 3723 καστῆριον
1215 3627 1337 3699 καὶ
1437 3624 1881 3722 ἀποφυγεῖν,
2023 3625 2267 3703 αύτων
2350 3656 2500 3704 των
2596 3626 2954 3705 δικαστων

711 3725 1058 3824 (ἀφέντων
1141 3724 1465 3824 μάλιστα
1537 3723 1676 3804 -διά
1748 3726 1847 3805 τά
1921 3733 2352 3853 πραχθέντα
2421 3727 2624 3828 αύτῳ
2710 3735 2813 3850 5⁹.-
2859 3727 2981 3826 τῇ

723 3829 844 3903 επὶ
918 3826 1352 3928 Μαραθωνι
1430 3826 1666 3957 μάχῃ·
1767 3830 1812 3908 6
1883 3836 2023 3928 μὲν
2110 3829 2252 3932 γάρ
2330 3829 2640 3957 ἀδελφδς
2716 3828 2955 3908 αὐτοῦ

724 3933 1166 4030 Κυνέγειρος
1244 3930 1570 4032 ἀπεκόπη
1648 3930 1783 4016 τάς
1860 3945 2171 4034 χεῖρας,
2232 3931 2454 4020 αύτδς
2551 3939 2631 4012 δέ
2718 3930 2955 4011 πολλοὶ

721 4033 1035 4155 τρωθεις
1083 4032 1444 4135 ἀνηνέχθη
1474 4034 1867 4159 φοράδην·
1934 4045 2339 4159 μαρτυρεῖ
2350 4040 2428 4113 δε
2476 4034 2774 4122 τούτοις
2832 4038 2992 4139 οιαὶ1

723 4129 820 4211 w*
899 4135 1319 4258 ἐπίγραμμα
1400 4133 1495 4212 w*
1557 4145 2177 4239 ἐπιγεγραμμένον
2244 4132 2479 4216 αὐτού
2533 4172 2636 4241 τῳ
2700 4135 2952 4238 τάφῳ·

722 4232 1090 4330 Αἰσχύλον
1146 4238 1656 4338 Εὐφορίωνος,
1738 4253 1807 4313 et
1864 4247 2147 4335 reliqua.
2263 4246 2579 4337 Apparet
2668 4266 2954 4319 consen-

721 4343 850 4411 tire
934 4340 1066 4410 hos
1144 4344 1498 4434 scriptores
1588 4346 1659 4413 in
1751 4370 1835 4416 eo
1850 4396 1872 4434 ,
1966 4356 2351 4421 accusatum
2433 4370 2593 4420 esse
2639 4347 2957 4440 Aeschy-

724 4445 869 4515 lum
927 4453 1215 4538 propter
1273 4448 1589 4541 evulgata
1640 4472 1887 4525 aroana
1939 4454 2424 4549 mysteriorum.
2525 4454 2703 4524 Num
2762 4450 2955 4548 apud
