3325 5317
576 476 726 562 *24
807 472 922 534 DE
978 471 1378 534 LEGIBVS
1437 470 2001 548 QVIBVSDAM
2059 471 2824 535 SVBTILIORIBVS'
2934 565 2938 570 φ

636 646 1006 717 inactivum
1074 619 1557 715 restituendum
1632 647 1820 715 abuti
1834 694 1856 731 ‚
1937 669 2156 736 quem
2243 669 2465 714 sensus
2539 647 2681 717 loci
2695 696 2715 731 ‚
2797 649 2871 715 in

628 763 780 840 quo
830 750 1165 841 particula
1216 743 1441 824 ὁπότε
1492 749 1804 878 caussalis
1855 758 1990 837 est,
2057 771 2358 843 prorsus
2390 750 2684 819 alienum
2729 772 2873 819 esse

624 847 948 922 ostendit.

842 954 1063 1025 Aliis
1041 978 1114 1022 ιιι
1139 954 1341 1041 locis,
1390 978 1600 1046 quum
1646 956 2104 1026 coniunctivns
2138 955 2253 1026 vel
2303 957 2638 1047 optativus
2680 979 2876 1024 usur·-

639 1058 790 1152 pari
828 1067 1088 1151 posset,
1138 1049 1570 1128 indicativum
1612 1060 1933 1152 praetulit
1972 1067 2179 1149 poeta
2196 1107 2218 1142 ‚
2267 1082 2407 1147 quo
2458 1082 2565 1127 res
2608 1059 2876 1151 gravius

642 1162 1105 1232 affirmaretur.
1209 1160 1345 1230 Od.
1394 1173 1471 1236 θ.
1518 1159 1694 1236 317.
1746 1155 1931 1256 ἄλλοί
1976 1187 2170 1255 σφωε
2216 1153 2422 1240 δόλος
2461 1158 2876 1252 waldetrude

630 1258 921 1358 ἐρύξει,
975 1257 1195 1344 siccius
1237 1292 1373 1353 μοι
1409 1259 1612 1358 μάλα
1660 1258 1903 1337 πάντα
1951 1258 2195 1359 πατήρ
2242 1259 2604 1336 ἀποδώσει
2648 1266 2875 1337 ἔεδνα.

645 1366 805 1451 Quo
840 1376 1066 1435 tamen
1093 1390 1231 1435 uon
1258 1369 1466 1436 velim
1491 1367 1824 1457 quosdam
1857 1369 2047 1435 locos
2085 1366 2283 1451 trahi,
2334 1367 2401 1434 in
2435 1369 2678 1456 quibus
2706 1366 2877 1461 πρὶν

641 1469 1001 1555 invenitur,
1050 1479 1127 1538 ut
1161 1470 1356 1539 Iliad.
1405 1498 1476 1542 α,
1522 1468 1643 1538 29.
1679 1480 1747 1538 et
1791 1495 1855 1546 σ,
1875 1467 2061 1536 ·.283
2135 1470 2353 1539 Nam
2394 1469 2491 1537 ibi
2531 1468 2698 1566 πριν
2740 1492 2878 1552 non

631 1572 1095 1666 priusquam,
1160 1573 1283 1642 sed
1325 1573 1557 1692 prius·
1594 1572 2008 1665 siguificare,
2085 1574 2546 1662 maioremque
2604 1580 2879 1643 autece-

635 1676 809 1744 dere
863 1676 1118 1745 debere
1159 1676 1766 1767 interpunctionem
1809 1686 1981 1768 puto
1998 1723 2019 1760 ‚
2085 1675 2213 1743 sic.
2280 1670 2423 1769 τήν
2470 1671 2566 1748 δ’·
2600 1670 2737 1768 ἐγω
2785 1670 2875 1748 οὗ

642 1772 869 1851 λύσω·
933 1785 1107 1876 πρίν
1151 1807 1283 1873 μιν
1331 1779 1453 1852 καὶ
1509 1779 1729 1875 γῆρας
1774 1779 2081 1857 ἔπεισιν,
2142 1787 2243 1864 et,
2298 1775 2475 1851 οὐδέ
2522 1773 2699 1851 ποτ’
2751 1781 2875 1851 ἐκ-

641 1881 927 1977 πέρσει·
980 1880 1149 1977 πρίν
1174 1907 1306 1974 μιν
1333 1908 1535 1962 xvv-sc
1565 1878 1782 1979 ἀργοὶ
1807 1885 2123 1956 ἔδονται
2224 1883 2574 1971 Frequens
2626 1888 2725 1948 est
2760 1880 2878 1948 ille

640 1982 982 2054 indicativi
1028 2006 1184 2051 usus
1237 1984 1308 2051 in
1355 1985 1899 2076 pronominibuS‚
1979 1993 2054 2051 ut
2100 1983 2295 2053 Iliad.
2360 2014 2430 2057 α.
2490 1982 2660 2052 174.
2709 1976 2877 2078 παρ’

644 2086 895 2179 ἔμοιγε
938 2113 1056 2158 και
1097 2085 1304 2160 ἄλλοι
1322 2142 1349 2177 ,
1417 2096 1500 2162 οἴ
1533 2089 1617 2160 κε’
1650 2113 1772 2179 με
1784 2080 2215 2182 τιμήσουσι,
2268 2110 2565 2176 quocum
2594 2108 2878 2177 compa-

762 2217 812 2263 ι,
871 2186 1042 2258 155.
1086 2189 1260 2258 297.
1305 2190 1443 2260 Ο(1.
1494 2218 1548 2263 ε.
1596 2188 1717 2257 36.
1817 2189 2164 2261 Particula
2214 2191 2334 2264 κέν
2376 2192 2447 2259 in
2489 2188 2883 2258 huiusmodi

640 2291 949 2363 formulis
1005 2293 1373 2384 respondet
1417 2302 1687 2362 nostrae
1743 2294 1962 2378 wohl,
2046 2314 2267 2383 eoque
2320 2317 2361 2361 a
2403 2286 2565 2372 πού
2626 2292 2880 2377 differt,

641 2394 831 2484 quod
879 2405 978 2465 est
1018 2395 1664 2467 vielleicht.1nde
1695 2396 1861 2465 dicit
1889 2405 2099 2488 poeta
2142 2396 2185 2470 o‘
2221 2398 2305 2470 δέ
2321 2423 2448 2469 ιιεν
2484 2389 2881 2486 κεχολώσε-

639 2524 772 2570 ται
816 2498 1012 2567 Iliad.
1057 2529 1126 2573 α.
1173 2499 1345 2568 139.
1399 2501 1776 2589 eademque
1814 2501 1989 2569 ratio
2033 2511 2131 2567 est
2168 2502 2240 2569 in
2282 2499 2528 2584 his,a
2534 2496 2773 2572 ,523
2831 2525 2878 2569 ι.

640 2598 767 2672 61.
815 2599 987 2669 386.
1026 2631 1087 2677 κ.
1115 2602 1287 2671 281.
1337 2613 1392 2685 ξ.
1436 2601 1607 2671 102.
1655 2601 1829 2670 239.
1866 2629 1929 2673 o.
1975 2601 2149 2672 211.
2182 2631 2247 2692 χ,
2280 2599 2402 2669 66.
2435 2555 2572 2671 Ο(1.
2608 2630 2672 2695 y.
2706 2597 2880 2669 255.

644 2705 708 2775 δ.
748 2700 869 2770 80.
918 2701 1092 2771 546.
1133 2732 1202 2777 τ.
1252 2702 1426 2772 558.
1542 2707 1652 2774 Ab
1696 2704 1805 2771 his
1849 2689 2088 2772 videat
2117 2705 2286 2773 mihi
2323 2705 2470 2793 quis
2519 2727 2726 2793 quam
2773 2704 2885 2771 di-

641 2826 922 2874 versum.
946 2805 1028 2874 sit
1064 2805 1239 2892 hoc,
1288 2806 1481 2875 Iliad.
1531 2834 1594 2895 χ.
1622 2804 1747 2874 41.
1790 2809 1965 2880 αἴθε
2010 2813 2251 2880 θεοῖσι
2282 2807 2523 2934 φίλος
2528 2800 2877 2880 τοσσόνδε

642 2906 978 3001 γένοιτο,
1034 2905 1253 2984 ὅσσον
1285 2909 1487 3003 ἐμοί·
1539 2903 1732 2999 τάχα
1776 2910 1895 2982 κέν
1946 2915 1983 2982 ἑ
2024 2909 2226 2990 κύνες
2265 2909 2385 2981 καὶ
2434 2910 2647 3001 γῦπες
2686 2912 2885 2983 ἔδον,-

644 3037 774 3082 ‘tae
804 3009 1168 3103 κείμενον·
1221 3006 1271 3108 ἦ
1309 3013 1394 3085 κε’
1436 3038 1571 3105 μοι
1617 3004 1824 3085 αἰνόν
1858 3006 2015 3085 ‹ae-mi
2041 3012 2417 3109 πραπίδων
2447 3011 2620 3101 ἄχος
2651 3013 2881 3085 ἔλθοι.

595 3111 940 3181 9Sensere
976 3113 1436 3206 grammatici,
1505 3114 1622 3185 hic
1641 3162 1662 3199 ‚
1721 3123 1797 3183 ut
1849 3115 1919 3182 in
1966 3113 2044 3184 're
2087 3138 2361 3207 prorsus
2408 3116 2660 3184 incerta
2675 3163 2696 3199 ,
2748 3136 2890 3186 non

642 3238 806 3283 esse
843 3216 1204 3288 indicativo
1248 3219 1518 3289 locum.
1566 3218 1750 3288 unde
1795 3218 1911 3286 alii
1940 3220 2225 3293 ἔδοιντο
2242 3269 2262 3304 ,
2314 3218 2738 3288 Aristarchus
2768 3240 2885 3286 re-

645 3329 759 3388 cte
802 3320 1039 3393 ἔὸοιεν
1085 3321 1331 3442 posuit.
1432 3321 1514 3389 ln
1554 3322 1730 3389 ludis
1779 3322 2172 3391 funebribus
2227 3323 2529 3392 Patrocli
2578 3321 2885 3391 Achilles

644 3423 990 3514 pugilatus
1016 3407 1319 3515 praemia
1356 3425 1681 3516 proponit
1706 3425 1944 3499 victori
1965 3426 2219 3494 mulam
2236 3475 2256 3511 ,
2308 3426 2488 3493 victo
2529 3425 2884 3515 poculum.

604 3593 617 3602 ,
647 3526 887 3618 Surgit
922 3528 1186 3619 Epeus‚
1238 3529 1627 3617 mulumque
1672 3528 2101 3619 prehendens
2115 3578 2137 3613 ‚
2188 3531 2283 3597 ita
2308 3528 2603 3618 loquitur.
2617 3577 2637 3613 ,
2687 3528 2888 3595 Iliad.

647 3650 730 3724 ψ·
774 3628 950 3698 667.
1012 3627 1241 3722 ἆσσον
1288 3634 1457 3720 ἴτω,
1510 3629 1700 3713 ὅςτις
1742 3634 1956 3712 δέπας
1997 3634 2276 3704 οἴσεται
2315 3625 2884 3727 ἀμφικύπελλον.

647 3733 980 3802 Audimus
1024 3745 1282 3808 certum
1330 3734 1666 3803 victoriae.
1770 3735 1878 3803 lta
1910 3734 2198 3803 habebis
2214 3784 2234 3820 ,
2293 3757 2432 3825 quo
2482 3736 2777 3825 explices
2811 3740 2881 3825 β.

652 3831 825 3909 229.
871 3863 920 3906 ι.
970 3835 1142 3910 167.
1190 3834 1490 3934 (111587.
1528 3865 1589 3928 χ.
1625 3837 1748 3909 70.
1788 3859 1866 3931 ψ.
1909 3835 2088 3910 675.
2120 3837 2257 3907 Od.
2303 3866 2361 3910 κ.
2393 3836 2567 3905 432.
2601 3864 2675 3907 π.
2712 3834 2884 3960 306,

650 3938 794 4007 Sed
834 3938 1032 4006 Iliad.
1085 3955 1165 4033 ψ.
1214 3940 1388 4024 707.
1433 3940 1608 4014 753,
1673 3937 1846 4008 831.
1921 3937 2255 4036 ὄρνυσθ’,
2323 3947 2404 4012 οἱ
2443 3941 2567 4013 καὶ
2612 3933 2885 4013 τούτου

651 4036 927 4113 ἀέθλου
976 4036 1506 4138 πειρήσεσθον,
1526 4053 1531 4058 ’
1586 4044 1984 4115 indicativus
2034 4067 2173 4112 non
2229 4043 2499 4111 videtur
2566 4042 2885 4112 idoneam

649 4142 978 4213 rationem
1042 4145 1301 4214 habere
1317 4194 1338 4231 ‚
1420 4149 1781 4238 potiusque
1855 4147 2107 4237 requiri
2186 4147 2664 4217 coniunctivus.
2781 4145 2885 4213 Ita

652 4247 853 4326 etiam
883 4248 952 4316 in
994 4248 1104 4317 his
1139 4250 1297 4320 ltu
1299 4246 1476 4317 ..44
1530 4277 1712 4345 χρεω
1758 4252 2022 4347 βουλῆς
2056 4248 2185 4343 ἐμὲ
2219 4277 2339 4322 και
2368 4249 2446 4322 σὲ
2482 4250 2883 4345 κερδαλέης,

650 4348 809 4445 ἥτις
849 4378 970 4424 κεν
1002 4345 1385 4447 ἐρυσσεται
1415 4349 1539 4444 ἠδὲ
1588 4379 1853 4426 σαωσει
1908 4349 2298 4448 ’Λργείουςκ
2406 4350 2547 4424 Ο(1.
2598 4355 2658 4424 δ
2709 4348 2881 4419 207

653 4459 814 4551 ῥεῖα
864 4450 949 4527 δ’
984 4449 1376 4554 ἀρίγνωτος
1419 4448 1628 4550 γόνος
1682 4451 1969 4554 ἀνέρος,
2035 4450 2095 4554 ᾧ
2139 4482 2224 4529 τε
2264 4451 2604 4551 Κρονίων
2661 4452 2884 4548 ὄλβον
