3325 5317
754 462 912 548 2.-12ο
1190 459 1618 543 CENSVRA
1674 458 1999 523 NovAE
2049 458 2547 523 Eanl-onls

756 633 1031 704 aliunde
1058 634 1301 704 certius
1331 634 1502 723 quid
1535 632 1943 726 proferatur.
2045 632 2191 702 Sed
2233 634 2424 723 quod
2470 632 2686 703 modo
2726 631 2818 700 de
2854 631 3003 700 for-

754 740 882 808 mis
924 740 1292 807 verborum
1334 737 1427 805 ad
1476 745 1693 805 metra
1736 737 2185 827 antiquissima
2224 738 2756 809 accommodatis
2811 734 3005 805 dice-

754 844 1028 925 bamm,
1095 841 1168 909 in
1211 852 1507 911 mentem
1565 841 1762 911 nobis
1813 849 2092 911 revocat
2142 839 2632 911 dubitationem
2690 840 2781 908 de
2831 862 3003 909 voce

757 939 1112 1043 ἤγοῖθεος,
1189 967 1366 1034 quae
1411 944 1616 1013 valde
1660 946 1854 1013 torsit
1884 943 2305 1015 doctissimos
2345 945 2664 1013 Editores
2711 968 2787 1036 p.
2828 939 3002 1010 116.

757 1057 897 1116 not.
937 1045 1012 1114 1.
1061 1047 1240 1116 Nam
1273 1042 1493 1138 n'eque
1543 1049 1630 1117 ab
1658 1045 1881 1140 ἄγαν,
1929 1071 2156 1137 neque
2195 1049 2282 1117 ab
2328 1041 2605 1140 α’γοέζω,
2655 1068 2879 1136 neque
2912 1046 3003 1112 ab

760 1149 1047 1244 ἄγαμαι
1091 1149 1382 1220 derivari
1429 1173 1632 1244 posse
1691 1151 1834 1220 hoc
1890 1174 2139 1220 nomen
2192 1161 2497 1237 censent,
2577 1151 2739 1241 quia
2782 1150 2855 1217 iu
2897 1147 3005 1216 his

758 1255 981 1322 verbis
1021 1257 1329 1324 omuibus
1370 1256 1590 1347 prima
1648 1256 1907 1344 syllaba
1956 1255 2176 1324 brevis
2220 1254 2336 1340 sit,
2408 1254 2607 1323 Iones
2672 1262 2898 1321 autem
2952 1253 3000 1322 ἆ

757 1359 967 1426 breve
1017 1381 1384 1449 numquam
1434 1358 1505 1426 in
1554 1360 1599 1454 ἧ
1651 1359 2085 1443 mutaverint,
2135 1358 2297 1426 licet
2339 1357 2549 1425 iidem
2597 1380 2728 1449 pro
2765 1359 2823 1452 7}
2854 1378 3003 1423 sae-

759 1461 912 1552 pius
959 1464 1308 1554 posuerint
1370 1464 1581 1530 breve
1646 1478 1720 1533 α·.
1823 1463 2065 1551 Neque
2126 1461 2510 1528 Homerum
2576 1454 3003 1557 η’γοέννιφος,

762 1564 885 1633 sed
937 1560 1339 1661 α’γοὶννιφος
1389 1565 1650 1632 dixisse.
1767 1564 1966 1636 Haec
2015 1565 2210 1634 nobis
2262 1564 2571 1632 videntur
2621 1564 2837 1631 minus
2887 1584 3004 1631 ac-

761 1677 992 1739 curate
1041 1670 1309 1760 scripta.
1412 1670 1592 1736 Nam
1643 1660 2073 1763 ᾰγοῖννιφος,
2136 1690 2348 1757 quum
2396 1666 2691 1738 secunda
2742 1664 3004 1756 syllaba

758 1781 1047 1863 propter
1095 1770 1424 1861 liquidam
1475 1778 1529 1843 ν·
1568 1768 1911 1860 producta
1959 1774 2130 1839 bene
2178 1780 2411 1862 posset
2457 1770 2676 1839 versui
2724 1768 3000 1836 heroico

763 1876 1016 1966 aptari,
1079 1897 1219 1944 non
1270 1895 1443 1964 opus
1496 1881 1641 1940 erat
1688 1873 1980 1962 primam
2028 1874 2449 1966 producere:
2511 1866 2833 1965 α’γοέθιος
2885 1892 3003 1937 au-

761 1987 903 2045 tem
951 1978 1287 2047 secundae
1336 1976 1860 2067 productionem
1909 1967 2067 2046 non'
2087 1978 2537 2072 admittebatz·
2563 1976 3002 2065 quamobrem

759 2081 983 2173 prima
1031 2080 1480 2175 producenda
1530 2080 1661 2149 fuit
1677 2127 1699 2164 ‚
1753 2091 1855 2165 et,
1919 2082 2044 2150 nisi
2093 2083 2314 2150 littera
2378 2088 2430 2154 ὅ
2501 2081 2695 2147 istam
2744 2076 3005 2168 produ-

761 2183 1021 2254 cendae
1121 2183 1587 2278 praecedentis
1702 2183 1948 2253 vocalis
2043 2183 2594 2255 commoditatem
2642 2255 2647 2260 ,
2697 2181 3002 2265 haberet,

762 2287 1129 2358 certissime
1192 2290 1533 2357 Homerus
1614 2288 1823 2356 etiam
1899 2284 2283 2384 ἡγοίνιφος,
2330 2295 2584 2379 ¹prima
2647 2284 3003 2376 producta,

762 2403 1079 2484 correpta
1114 2391 1443 2475 secunda,
1498 2390 1790 2458 dixisset.
1891 2391 2077 2459 Illud
2126 2413 2291 2460 vero
2342 2412 2482 2480 quo
2537 2390 2684 2458 iure
2726 2396 3001 2459 conten-

763 2494 986 2565 derint
1033 2497 1159 2566 viri
1210 2493 1606 2579 doctissimi,
1659 2490 1715 2565 ix·
1754 2494 1963 2563 breve
2015 2496 2102 2564 ab
2154 2495 2430 2563 Ionibus
2479 2516 2618 2561 non
2665 2492 2912 2562 mutari
2941 2490 3006 2562 in

760 2605 810 2697 ῆ
826 2646 847 2684 ,
899 2600 1032 2692 ipsi
1081 2599 1403 2682 viderint,
1456 2598 1511 2666 si
1560 2598 1902 2666 recordati
1951 2599 2231 2683 fuerint,
2298 2619 2436 2665 non
2484 2620 2640 2665 raro
2689 2596 2765 2664 id
2813 2596 3039 2664 lones.

759 2704 957 2771 metri
1008 2725 1242 2772 caussa
1291 2702 1549 2770 fecisse.
1653 2700 1773 2767 Sic
1825 2703 1913 2768 ab
1967 2698 2358 2775 ἀλιτέσθαι
2386 2693 2850 2798 ἠλιτόμηνος,
2903 2705 3004 2765 at-

700 2805 724 2815 ‘
760 2827 896 2893 que
926 2806 1094 2891 alia,
1147 2806 1224 2893 (a
1274 2827 1412 2894 quo
1465 2809 1575 2871 est'
1616 2804 1821 2871 etiam
1871 2798 2343 2900 ἁλιτήμερος,
2397 2803 2488 2873 de
2537 2826 2675 2892 quo
2724 2801 3007 2869 diximus

761 2909 834 2975 iu
884 2908 1241 2978 Schaeferi
1309 2906 1847 2976 adnotationibus
1915 2907 2007 2975 ad
2075 2909 2374 2997 Gregor.
2442 2906 2601 2976 Gor.
2668 2928 2740 2998 p.
2795 2903 3004 2994 879.)

765 3011 854 3080 ab
907 3010 1203 3104 ἄμαθος
1254 3002 1650 3108 ἠμαθόεις,
1736 3011 1825 3076 ab
1886 3007 2150 3104 ἄνεμος
2201 3004 2530 3108 ἠνεμόεις
2596 3009 2783 3080 facta
2832 3015 3008 3076 sunt:

764 3137 943 3204 quae
995 3124 1144 3185 suut
1191 3115 1630 3205 pervulgata,
1684 3136 1773 3181 ne
1824 3114 1992 3201 quid
2042 3114 2133 3183 de
2183 3115 2262 3182 iis
2314 3113 2654 3199 dicamuS‚
2719 3133 3009 3201 quorum

765 3218 983 3311 magis
1034 3216 1390 3288 recondita
1437 3217 1608 3284 ratio
1663 3225 1783 3285 est.
2350 3245 2355 3254 ²

974 3422 1118 3494 Sed
1169 3423 1526 3491 redeamus
1576 3421 1668 3489 ad
1716 3435 1876 3488 'eum
1925 3421 2179 3514 locum,
2230 3423 2414 3493 unde
2454 3422 2737 3515 digressi
2771 3443 3012 3491 sumus.

766 3530 875 3598 Ac
944 3550 1154 3618 quum
1216 3526 1533 3598 Editores
1611 3525 1681 3592 in
1758 3547 1930 3595 voce
2009 3524 2303 3620 ἄγαλμα
2386 3527 2476 3595 ad
2540 3523 3010 3622 Αἰωνοαριόυ

771 3630 1064 3725 ἄγαλμα
1089 3682 1106 3710 ,
1181 3639 1248 3698 et
1297 3630 1454 3699 inde
1507 3627 1597 3697 ad
1648 3628 1855 3696 deum
1905 3629 2167 3704 Αἰῶνα
2185 3684 2214 3718 ,
2266 3632 2382 3720 qui
2428 3630 2614 3699 idem
2667 3637 2765 3697 est
2815 3638 3016 3718 atque

771 3734 981 3803 Osiris
1035 3744 1104 3802 et
1152 3734 1416 3803 Adonis
1431 3786 1452 3821 ‚
1507 3756 1587 3802 ac
1633 3732 1930 3823 proinde
1982 3733 2185 3801 etiam
2236 3737 2353 3824 qui
2408 3729 2665 3831 Φάνης,
2720 3733 3014 3800 transiis-

775 3845 950 3922 sent,
1013 3837 1103 3905 ad
1171 3838 1550 3907 Phanetem
1619 3846 1687 3905 et
1750 3836 2109 3926 Bacchum
2179 3837 2564 3907 deveniunt:
2632 3858 2809 3925 quae
2861 3857 3016 3903 sane

771 3940 1100 4013 vellemus
1150 3942 1292 4010 aliis
1340 3941 1509 4011 locis
1556 3948 1843 4009 tractata
1889 3963 2062 4010 esse:
2128 3965 2286 4010 nam
2336 3943 2454 4031 qui
2504 3941 2714 4009 semel
2763 3948 3015 4029 myste-

641 4131 648 4136 ,
773 4042 875 4110 ria
925 4043 1052 4109 ista
1112 4038 1442 4136 attigerit,
1512 4068 1554 4111 a
1603 4044 1841 4134 quovis
1893 4045 2028 4114 deo
2095 4043 2186 4112 ad
2237 4068 2468 4115 omnes
2517 4045 2863 4111 transitum
2913 4043 3017 4110 in-

773 4145 1026 4214 veniet:
1077 4168 1313 4215 verum
1361 4148 1540 4239 grati
1584 4157 1815 4217 tamen
1865 4147 2252 4241 accipimuS,
2305 4171 2479 4238 quae
2516 4146 2873 4216 dederunt.
2937 4144 3016 4211 In

775 4247 884 4316 his
932 4247 1141 4340 igitur
1187 4273 1259 4341 p.
1295 4249 1486 4338 260..
1519 4276 1659 4343 seq.
1712 4253 2004 4322 afferunt
2054 4252 2510 4344 fragmentum
2545 4273 2629 4320 ex
2667 4248 3014 4342 Orphiciffi

775 4361 1115 4422 servatum
1164 4377 1208 4420 a
1263 4352 1624 4430 Macrobio
1690 4358 1831 4426 Sat.
1895 4358 1938 4425 i.
1992 4355 2112 4429 18.
2181 4357 2368 4427 cuius
2417 4357 2494 4427 hi
2540 4354 2745 4447 primi
2794 4372 3013 4422 versus

771 4466 966 4530 sunt:
