3325 5317
709 487 797 549 82
882 482 996 543 nn
1037 478 1512 542 vensmvs
1555 475 1945 542 srvnns
1987 478 2231 541 Arvn
2273 453 2864 542 Azscflrz'vm

711 656 918 729 στένε
956 650 1074 726 καὶ
1116 648 1463 741 δακνοέζου
1503 675 1714 724 unum
1756 676 2023 722 versum
2071 651 2347 721 efficere
2387 651 2717 739 debebat,
2768 653 2948 720 anti-

708 755 1036 849 strophae
1065 756 1466 827 adiiceretur
1482 806 1503 842 ,
1554 780 1899 848 quumque
1931 756 2379 847 explicatione
2403 756 2764 848 indigeret,
2814 754 2947 822 ad-

708 862 1111 930 scriberetur
1156 865 1232 934 ἐν
1269 855 1590 958 δάκρυσι.
1696 861 1834 946 Sic,
1866 860 2137 930 detecta
2165 861 2407 928 erroris
2438 860 2698 951 origine
2712 908 2733 944 ‚
2785 859 2947 926 nul-

707 965 791 1034 la‘
816 963 1183 1032 mutatione
1210 963 1394 1033 facta
1428 973 1496 1033 et
1522 972 1738 1032 metra
1768 972 2222 1053 exaequantur
2236 1011 2256 1049 ,
2307 972 2377 1031 et
2406 965 2627 1032 sensui
2655 971 2948 1052 utroque

706 1068 778 1136 in
816 1067 976 1135 loco
1031 1068 1426 1152 consulitur,
1478 1067 1809 1157 simulque
1845 1068 2254 1136 vocabulum
2283 1077 2531 1158 poetae
2562 1088 2753 1134 suum
2795 1065 2948 1132 vin-

709 1170 1005 1255 dicatur,
1071 1169 1279 1260 idque
1329 1170 1520 1239 haud
1567 1193 1812 1262 parum
1842 1170 2287 1256 memorabile
2331 1178 2618 1262 propter
2654 1169 2949 1237 formam

710 1274 977 1343 numeri
1007 1273 1284 1366 pluralis
1300 1326 1320 1361 ,
1370 1275 1609 1342 iniuria
1623 1322 1645 1360 ,
1696 1281 1773 1342 nt
1811 1274 2090 1366 opinor,
2143 1282 2525 1365 suspectam
2566 1272 2950 1358 Schaefero

714 1376 807 1446 ad
841 1377 1118 1468 Dionys.
1150 1377 1314 1454 Hal.
1356 1377 1448 1446 de
1475 1384 1703 1450 struet.
1743 1398 1854 1474 or..
1880 1400 1956 1471 p.
1992 1373 2166 1446 355.
2210 1386 2280 1445 et
2319 1376 2411 1445 ad
2454 1376 2673 1451 schol.
2719 1375 2954 1468 Apol-

718 1481 856 1549 lon.
902 1478 1140 1548 Rhod.
1181 1504 1254 1572 p.
1301 1478 1473 1550 2⁰8.

663 1637 713 1698 9
923 1633 1272 1702 Interdum
1307 1655 1532 1702 versus
1571 1632 1997 1725 'reperiuntur
2010 1685 2031 1722 ,
2099 1634 2219 1724 qui
2256 1632 2448 1723 quod
2496 1630 2957 1724 explicationis

715 1738 1018 1831 speciem
1057 1735 1347 1822 habent,
1428 1758 1558 1829 pro
1601 1737 1883 1805 insititiis
1926 1736 2148 1806 habiti
2198 1747 2367 1805 sunt.
2468 1735 2712 1805 Editor
2748 1735 2959 1804 Glas-

716 1841 990 1931 guensis
1006 1887 1026 1924 ,
1079 1861 1285 1928 quem
1322 1839 1441 1929 qui
1477 1841 1855 1908 Porsonum
1890 1863 2030 1910 esse
2057 1849 2377 1933 putarunt
2391 1887 2412 1924 ,
2458 1862 2596 1907 non
2644 1840 2796 1907 satis
2847 1837 2955 1904 vi-

584 1946 595 1950 ”
717 1943 964 2011 dentur
1022 1944 1255 2034 magni
1312 1942 1491 2009 illius
1546 1943 1672 2011 viri
1724 1964 1987 2012 morem
2056 1945 2405 2036 cognitum
2463 1942 2780 2013 habuisse
2796 1989 2819 2027 ‚
2882 1940 2955 2006 in

714 2047 1236 2138 Agamemnone
1274 2068 1336 2112 v.
1373 2044 1495 2115 88.
1532 2047 1653 2114 ubi
1696 2045 1875 2117 haec
1921 2048 2241 2140 leguntur
2255 2096 2278 2133 ,

1018 2191 1314 2271 πάντων
1362 2197 1443 2271 δὲ
1495 2197 1693 2272 θεῶν
1741 2226 1890 2274 των
1934 2194 2393 2296 ἀστυνόμων,

1018 2295 1342 2391 ὑπατων,
1395 2301 1740 2393 χθονίων,
1819 2375 1824 2382 ,

1020 2429 1170 2478 των
1206 2399 1286 2477 τ’
1336 2400 1738 2498 οὐρανίων..
1786 2432 1936 2479 των
1977 2401 2055 2479 τ’
2087 2400 2483 2525 ἀγοραίων,

1225 2506 1466 2601 βωμοὶ
1509 2501 1809 2607 δώροισι
1851 2509 2273 2606 φλέγονται,

711 2681 978 2730 versum
995 2707 1017 2745 ,
1100 2659 1217 2749 qui
1262 2668 1415 2728 ante
1471 2660 1784 2729 ultimum
1845 2670 1944 2729 est
1959 2709 1980 2746 ,
2059 2660 2247 2730 uncis
2292 2659 2587 2746 inclusit,
2674 2663 2955 2726 auctore

711 2762 1016 2831 Heathio
1066 2761 1184 2853 *jz
1234 2784 1439 2850 quem
1481 2785 1749 2831 versum
1797 2764 2114 2853 equidem
2151 2765 2288 2832 'non
2327 2765 2541 2833 minus
2583 2762 2952 2856 genuinum
3054 2844 3062 2850 ·

713 2886 857 2933 esse
903 2874 1071 2956 puto
1087 2913 1108 2949 ‚
1164 2887 1370 2953 quam
1417 2887 1589 2954 quos
1615 2867 1685 2933 in
1717 2865 1960 2935 eadem
1987 2868 2252 2951 fabula,
2303 2867 2653 2960 ingeniose
2686 2887 2844 2933 sane
2884 2870 2955 2930 et

710 2988 847 3034 non
891 2967 1031 3037 sine
1073 2968 1299 3059 specie
1333 2968 1511 3055 veri,
1565 2992 1783 3058 eaque
1827 2969 2029 3038 etiam
2071 2994 2113 3037 a
2157 2978 2374 3039 metro
2416 2981 2485 3041 et
2512 2966 2951 3058 antistrophi-

711 3091 951 3139 corum
980 3071 1141 3164 lege
1172 3070 1565 3163 desumpta,
1617 3072 1964 3142 Seidlerus
1994 3073 2084 3142 de
2120 3095 2313 3143 verSS.
2356 3073 2635 3145 dochm.
2675 3095 2748 3164 p.
2773 3068 2953 3140 408.

711 3172 1090 3258 damnavit,
1142 3198 1203 3241 v.
1251 3171 1478 3251 1530.

1020 3322 1153 3400 οὐκ
1205 3320 1692 3426 ἀνελεύθερον
1738 3323 1951 3423 οἶμαι
1996 3321 2334 3404 θάνατον

967 3471 980 3491 .
1019 3430 1212 3525 τῷδε
1258 3432 1627 3523 γενέσθαι.

711 3583 856 3655 Sed
887 3585 1049 3653 nolo
1093 3582 1200 3651 his
1237 3584 1614 3671 immorari,
1665 3607 1841 3675 quae
1884 3584 2270 3676 longiorem
2300 3585 2817 3679 disputationem
2841 3610 2959 3656 re-

713 3688 1005 3776 quirunt.
1106 3687 1296 3757 Illud
1338 3689 1578 3774 miror,
1647 3689 1975 3757 editorem
2037 3688 2530 3781 Glasguensem
2588 3715 2726 3760 non
2769 3692 2959 3762 uncis

716 3791 1061 3859 inclusisse
1092 3789 1329 3862 haec
1310 3815 1379 3860 m
1429 3792 1621 3883 Sept.
1671 3792 1761 3859 ad
1791 3791 2021 3860 Theb.
2070 3815 2133 3861 v.
2178 3792 2353 3861 890.
2409 3791 2536 3868 οὐκ
2575 3794 2690 3869 ἐπὶ
2724 3796 2955 3891 φιλίᾳ,

718 3888 883 3965 ἀλλ’
926 3892 1040 3966 ἐπὶ
1081 3887 1280 3990 φόνῳ
1328 3896 1785 3993 διεκρίθητε,
1838 3919 2018 3986 quae
2056 3905 2195 3964 tam
2237 3898 2592 3968 manifesto
2624 3899 2960 3990 interpre-

717 3996 800 4061 tis
843 3996 1053 4063 verba
1087 4007 1269 4081 sunt,
1320 4007 1395 4066 ut
1441 4022 1578 4068 non
1619 3998 1889 4068 videam
1907 4048 1927 4085 ,
1981 4001 2334 4089 quomodo
2372 4000 2448 4069 id
2495 4002 2709 4070 ullum
2745 4003 2959 4070 latere

718 4095 1018 4189 potuerit
1053 4099 1374 4171 criticum.
1478 4104 1788 4200 Tametsi
1828 4127 2046 4195 nuper
2074 4104 2372 4194 priorem
2399 4106 2803 4192 versiculum
2831 4105 2962 4174 de-

810 4385 874 4471 *)
918 4387 1086 4448 Fecit
1126 4387 1193 4448 id
1235 4388 1558 4468 profecto
1538 4413 1669 4473 lpse
1709 4393 2012 4454 Por-sonus
2049 4391 2114 4452 in
2160 4413 2259 4473 ea,
2332 4415 2486 4477 quae
2528 4399 2782 4477 genuina
2835 4397 2964 4458 eius

727 4484 817 4534 est
861 4472 1146 4554 Aeschyli
1190 4474 1396 4535 editio.
3025 4491 3030 4496 ·
