3325 5317
464 461 620 523 PRO
673 457 1196 536 ANTIQVITATE
1264 460 1591 526 ORPHEI
1620 459 2061 525 ARGOMVT.
2112 463 2449 528 ALLATIS.
2528 468 2578 530 9

342 633 509 729 phei
535 647 692 702 eum
727 640 883 701 ante
892 632 1422 710 Eratosthenem
1459 633 1698 703 vixisse
1724 629 2213 707 concludatur
2181 684 2203 721 ,
2251 657 2392 705 non
2425 661 2576 706 ma-

340 742 446 834 gis
484 737 713 805 habeo
747 735 936 825 quod
982 735 1267 806 afferam
1283 789 1305 826 ‚
1353 737 1487 805 nisi
1515 738 1765 826 quod
1745 763 1884 807 iam
1928 725 2103 828 dixi,
2152 733 2410 824 uujllam
2440 741 2577 809 vim

343 865 483 911 esse
526 841 596 908 in
635 840 778 910 hoc
828 850 1246 930 argumento.
1349 839 1536 909 Illud
1561 850 1787 909 tamen
1832 865 1969 912 non
2001 852 2099 912 est
2139 853 2577 933 praetereun-

346 946 544 1028 dum,
613 941 804 1034 quod
862 963 1105 1033 parum
1151 944 1637 1034 circumspecte
1697 943 1952 1013 dictum
2004 956 2101 1013 est
2151 969 2193 1013 a
2211 946 2581 1039 Koenigs-

344 1069 621 1132 manno,
690 1045 1089 1137 Orpheum,
1167 1048 1220 1113 si
1261 1056 1421 1138 post
1463 1047 1986 1117 Eratosthenem
2030 1048 2330 1135 vixisset,
2410 1073 2584 1139 quos

343 1153 619 1220 Latinos
681 1158 917 1234 vocat,
1003 1149 1203 1216 huius
1280 1150 1596 1239 exemplo
1663 1149 2012 1219 Romanos
2077 1147 2582 1242 appellaturum

239 1247 249 1262 ’
345 1245 563 1323 fuisse.
688 1251 867 1321 Nam
929 1251 1071 1321 hoc
1127 1253 1406 1341 quidem
1464 1253 1675 1321 latere
1726 1254 1923 1323 istum
1966 1255 2584 1364 Argonauticorum

347 1358 746 1447 scriptorem
789 1378 926 1462 non
957 1356 1213 1446 potuit,
1262 1356 1315 1423 si
1355 1379 1486 1447 pro
1527 1357 1802 1446 antiquo
1848 1358 1969 1425 illo
2005 1355 2328 1450 Orpheo
2340 1359 2584 1428 haberi

348 1462 597 1546 vellet,
675 1481 814 1528 ιιοιι
860 1482 1002 1527 esse
1041 1456 1379 1550 populum
1424 1462 1945 1580 nominandum,
2014 1482 2218 1552 quem
2263 1462 2380 1533 diu
2426 1461 2598 1574 post'

350 1562 712 1666 Orpheum
740 1563 1089 1656 originem
1102 1562 1362 1654 cepisse
1398 1564 1736 1634 neminem
1781 1564 2086 1659 fugeret

546 1768 692 1839 Sed
745 1771 1085 1839 mittamus
1123 1767 1338 1857 haec,
1410 1778 1477 1840 et
1520 1771 1902 1858 videamuS,
1983 1769 2333 1861 quomodo
2389 1771 2585 1841 Koe-

344 1874 772 1967 nigsmannus
825 1871 1185 1965 Orpheum
1235 1884 1388 1944 aute
1432 1877 1877 1966 Apollonium
1916 1874 2120 1943 fuisse
2155 1875 2583 1952 demonstret.

343 1979 450 2047 Ac
479 1978 706 2070 primo
743 1977 885 2047 hoc
927 1978 1047 2046 ille
1092 1977 1272 2069 agit,
1322 1987 1398 2045 ut
1436 1980 1651 2048 multa
1688 1977 1874 2071 apud
1906 1987 2263 2068 utrumque
2293 1980 2586 2070 scripto-

344 2104 490 2151 rem
553 2091 671 2150 aut
718 2079 956 2148 iisdem
1015 2090 1132 2150 aut
1181 2081 1383 2149 valde
1442 2083 1762 2151 similibus
1815 2083 2035 2151 verbis
2090 2105 2400 2173 expressa
2442 2101 2604 2151 esse·

347 2183 678 2253 ostendat.
779 2184 942 2254 Hoc
990 2183 1267 2276 quidem
1300 2207 1429 2275 per
1458 2210 1528 2255 se
1561 2187 1817 2254 nullam
1857 2185 1994 2253 vim
2025 2185 2271 2268 habet:
2321 2209 2479 2253 nam
2529 2185 2584 2252 si

345 2298 630 2376 uterque
673 2278 978 2360 πόντοιο
1047 2281 1170 2359 δια
1226 2282 1466 2381 στόμα
1512 2289 1633 2361 καὶ
1683 2283 1809 2361 dea*
1855 2290 2121 2383 πέτρας
2163 2291 2462 2370 κυανέας
2517 2296 2586 2355 et

346 2391 590 2460 similia
635 2390 895 2481 posuit,
947 2390 1076 2480 (ita
1115 2392 1292 2458 enim
1309 2439 1330 2476 ,
1384 2399 1523 2480 quo
1568 2393 1789 2483 magis
1843 2390 2255 2476 consentiant
2271 2439 2292 2475 ,
2358 2392 2588 2461 scribit

343 2492 931 2584 Koeuigsmannus
961 2493 1164 2561 etiam
1206 2494 1392 2584 apud
1440 2493 1836 2585 Orpheum,
1889 2492 2074 2585 apud
2106 2513 2309 2581 quem
2333 2495 2593 2590 πορθ-ς

346 2603 523 2691 μοῖο
574 2595 857 2687 legitur)
904 2605 1052 2663 uter
1084 2590 1309 2662 utrum
1339 2596 1627 2665 imitatus
1665 2598 1780 2682 sit,
1831 2596 1973 2663 aliis
2020 2596 2385 2665 rationibus
2433 2594 2582 2663 effi·

353 2699 672 2771 ciendum
707 2708 824 2768 est.
926 2697 1088 2767 Hoc
1135 2692 1296 2766 ve‘fo
1339 2699 1433 2766 sic
1474 2701 1640 2770 facit
1671 2699 2290 2790 KoenigsmannuS,
2340 2707 2416 2766 ut
2448 2696 2590 2768 Or-

349 2802 614 2894 pheum
662 2800 999 2870 interdum
1039 2802 1450 2892 reprehendi
1488 2813 1558 2871 et
1600 2804 1854 2894 corrigi
1895 2803 1983 2871 ab
2027 2801 2402 2893 Apollonio
2463 2800 2592 2869 de-

344 2913 688 2986 monstret.
784 2904 1013 2989 ‚Quod
1042 2913 1119 2971 ut
1170 2906 1265 2972 ita
1309 2906 1423 2991 sit,
1473 2929 1631 2991 nonu
1654 2905 1883 2973 tamen
1934 2908 2251 2975 continuo
2295 2905 2610 2990 evicerit,

358 3008 725 3099 Orpheum
756 3003 1129 3098 Apollonio
1162 3008 1604 3097 antiquiorem
1642 3033 1800 3077 esse.
1902 3008 2134 3076 Potuit
2159 3010 2335 3077 enim
2361 3008 2590 3100 Apol-

349 3113 570 3179 lonius
604 3112 806 3179 etiam
843 3111 998 3178 illos
1038 3110 1579 3202 reprehendere,
1629 3134 1801 3201 quos
1842 3121 2147 3180 auctores
2192 3112 2409 3180 multo
2435 3119 2592 3205 post

66 3231 69 3328 Q
350 3213 675 3307 Orpheus
706 3223 1037 3303 ‘sequutus
1086 3223 1202 3286 est.
1309 3215 1456 3286 Sed
1490 3237 1744 3307 operae
1782 3217 2076 3307 pretium
2124 3223 2256 3300 est,
2309 3236 2590 3287 accura-

66 3379 67 3404 ᾗ
350 3317 478 3387 tius
504 3318 635 3386 hos
667 3319 859 3397 locos
900 3317 1329 3386 considerare
1346 3366 1366 3404 ,
1419 3320 1659 3408 quibus
1705 3318 2286 3409 Koenigsmannus
2321 3318 2592 3409 opinio-

66 3435 69 3520 j
354 3441 512 3490 nem
556 3444 753 3490 suam
795 3419 1046 3489 firmari
1087 3429 1303 3512 putat.
1396 3423 1719 3509 'Quorum
1748 3422 1967 3491 statim
2008 3422 2264 3513 primus
2298 3426 2592 3512 magno·-

66 3539 69 3632 5
348 3548 520 3616 pere
545 3547 783 3595 vereor
811 3547 899 3594 ne
929 3524 1332 3595 contrarium
1360 3535 1620 3620 arguat.
1725 3522 2048 3617 Orpheus
2076 3547 2137 3592 v.
2172 3522 2347 3593 49⁰.
2379 3524 2587 3598 Gesn.

66 3643 69 3730 ᾗ
351 3628 615 3698 scribit·

1466 3723 1903 3844 γλαυκώπιδι
1957 3725 2421 3826 Τριτογενείῃ

558 3831 798 3928 θῆκαν
829 3828 1200 3929 ἀείραντες
1234 3827 1514 3929 βριθυν
1555 3821 1797 3908 λίθον.

344 3986 765 4079 Apollonius
814 4010 977 4057 vero
1037 3987 1127 4056 de
1184 3985 1426 4057 eadem
1475 4009 1551 4053 re
1597 3987 1653 4056 1.
1700 3981 1873 4056 955.

558 4148 749 4215 κεῖσε
788 4169 906 4214 και
960 4137 1238 4238 ευναίης
1284 4135 1528 4231 ὀλίγον
1572 4137 1792 4226 λίθον
1842 4134 2257 4223 ἐκλύσαντες
2601 4164 2682 4223 11

575 4244 851 4337 Τίφυος
889 4244 1282 4340 ἐννεσίῃσιν
1325 4235 1470 4315 ὐπό
1514 4237 1735 4339 κρήνῃ
1751 4242 2133 4332 ἐλίποντο,

561 4340 806 4466 κρήνῃ
817 4342 950 4419 υπ’
995 4342 1385 4469 Ἀρτακίῃ
1445 4349 1694 4442 ἕτερον
1749 4342 1822 4420 δ’
1854 4350 2043 4435 ἕλον,
2100 4343 2285 4426 ὄςτις
2313 4338 2593 4441 ἀρήρει,

567 4442 887 4548 βριθύν·
942 4442 1137 4548 ἆταρ
1180 4441 1417 4523 κεῖνόν
1456 4455 1540 4542 γέ
1583 4449 2067 4573 θεοπροπίαις
2092 4441 2440 4524 Εκοίτοιο·
