3325 5317
740 463 869 528 15⁶
1023 460 1142 523 DE
1197 459 1517 522 CHORO
1575 459 2150 521 EVMENIDVM
2205 459 2674 521 AESCHYLI

739 635 998 729 phocle
1041 634 1135 704 ita
1179 633 1436 705 scribit:
1518 658 1604 705 ου
1651 625 1886 726 μόνον
1934 632 2007 704 δὲ
2053 631 2381 728 Χοιρίλῳ
2430 633 2550 706 καὶ
2605 639 2759 714 τοῖς
2805 633 2970 761 περὶ

739 733 1113 829 Αἰσχυλον
1150 765 1267 809 και
1297 732 1754 832 Εὐριπίδην,
1807 728 1992 808 ἄλλα
2029 734 2150 806 καὶ
2196 731 2540 828 Ἰοφωντι
2573 737 2969 834 συνηγωνί-
3059 748 3081 759 ‘

741 867 924 915 σατο
973 839 1080 935 τῷ
1128 839 1281 933 υἱῷ
1384 839 1520 907 Vbi
1562 839 1717 927 qui,
1795 836 1985 928 quod
2032 832 2427 908 Boeckhius
2477 839 2678 923 facit,
2766 841 2971 908 verba

736 968 909 1023 τους
952 942 1119 1039 περὶ
1161 911 1534 1031 Ᾰίσχυλον
1578 965 1716 1010 ιιοιι
1754 940 1905 1009 de
1886 963 2036 1032 ipso
2066 940 2450 1030 Aeschylo,
2509 943 2630 1010 sed
2677 941 2768 1009 de
2800 965 2970 1031 qua-

737 1045 901 1114 dam
949 1044 1088 1114 eius
1134 1053 1317 1114 secta
1359 1044 1651 1136 intelligi
1690 1044 1945 1113 debere
1974 1044 2354 1129 contendit,
2405 1045 2607 1135 quid,
2661 1046 2968 1131 obsecro,

738 1148 960 1233 aliud,
1012 1156 1217 1238 quam
1255 1171 1487 1218 caussa
1514 1149 1652 1215 iam
1687 1146 2046 1239 desperata
2071 1146 2162 1214 ad
2194 1156 2489 1216 extrema
2520 1171 2592 1216 se
2619 1148 2969 1218 redactum

737 1251 1144 1324 confitetur?
1224 1252 1317 1320 Et
1332 1300 1353 1337 ‚
1422 1251 1614 1340 quod
1669 1253 1886 1343 magis
1947 1252 2148 1319 etiam
2188 1252 2433 1320 mirum
2498 1261 2630 1336 est,
2691 1252 2969 1340 ibidem,

735 1357 854 1425 ubi
909 1355 1089 1426 haec
1141 1353 1344 1423 affert
1404 1352 1833 1438 BoeckhiuS‚
1896 1375 1967 1443 p.
2020 1352 2144 1426 31.
2216 1376 2300 1423 eo
2347 1378 2419 1423 se
2461 1354 2685 1444 abripi
2727 1354 2970 1423 defen-

737 1458 1003 1527 dendae
1040 1481 1198 1527 suae
1236 1457 1595 1527 sententiae
1626 1457 1996 1547 cupiditate
2029 1478 2262 1546 passus
2307 1467 2440 1543 est,
2488 1467 2566 1525 ut
2613 1458 2792 1525 vitae
2836 1458 2970 1526 So-

732 1562 1005 1655 phoclis
1058 1561 1457 1652 scriptorem
1483 1609 1503 1646 ‚
1574 1559 1816 1628 eadem
1858 1558 1964 1628 his
2010 1561 2232 1629 verbis
2278 1561 2653 1629 tradentem
2672 1609 2693 1646 ,
2747 1586 2970 1657 συνη-

734 1666 1093 1761 γωνίσατο
1155 1664 1232 1735 δὲ
1284 1659 1673 1756 Αἰσχύλῳ,
1755 1662 1878 1735 καὶ
1928 1658 2296 1760 Εὐριπίδῃ
2312 1694 2373 1752 ,2
2421 1665 2541 1736 καὶ
2609 1662 2991 1760 Χοιρίλῳ.

733 1767 857 1840 καὶ
898 1765 1282 1862 Ἀριστίᾳ,
1351 1765 1468 1838 καὶ
1511 1765 1798 1861 ἄλλοις,
1863 1764 1981 1838 καὶ
2031 1762 2373 1862 Ἰοφοὶῖντι
2415 1765 2523 1860 τῷ
2563 1765 2739 1860 υἱῷ,
2791 1766 2972 1833 male

736 1872 958 1940 solum
1002 1868 1420 1958 Aeschylum
1464 1869 1813 1936 nominare
1859 1869 2134 1937 diceret.
2237 1869 2381 1937 Sed
2421 1864 2804 1957 videamuS‚
2855 1868 2973 1958 qui

736 1973 917 2042 solus
946 1972 1241 2062 reliquus
1276 1982 1393 2058 est,
1446 1982 2050 2042 commemoratum
2082 1995 2155 2063 p.
2196 1971 2316 2039 33.
2350 1972 2735 2066 Diogenem
2758 1972 2976 2042 Laer-

732 2078 921 2144 tium.
1039 2075 1107 2145 Is
1161 2075 1249 2142 11.
1294 2074 1417 2143 43.
1476 2098 1687 2165 quum
1745 2076 2015 2143 dixisset
2069 2075 2549 2162 AthenienseS,
2616 2077 2972 2145 interfecto

734 2180 1017 2249 Socrate
1032 2227 1053 2265 ‚
1104 2200 1265 2246 mox
1294 2178 1613 2249 Melitam
1645 2180 1919 2269 capitali
1943 2179 2281 2270 supplicio
2316 2178 2750 2251 afficiendum
2764 2228 2784 2265 ‚
2839 2181 2967 2249 So-

736 2292 991 2356 cratem
1038 2291 1263 2350 autem
1320 2291 1534 2352 statua
1575 2281 2052 2350 honorandum
2098 2281 2486 2352 decrevisse
2485 2331 2507 2369 ,
2570 2283 2664 2350 ita
2713 2282 2975 2374 pergit:

681 2396 684 2401 ’
738 2383 826 2462 οὗ
855 2379 1089 2479 μόνον
1123 2385 1200 2459 δὲ
1231 2384 1346 2459 ἐπὶ
1371 2379 1809 2484 Σωκράτους
1837 2381 2255 2506 Ἀθηναῖοι
2263 2379 2683 2460 πεπόνθασι
2713 2383 2972 2472 τοῦτο,

737 2484 924 2564 ἄλλοῖ
969 2487 1088 2562 και
1134 2487 1248 2563 ἐπι
1305 2488 1657 2563 πλείστων
1704 2486 1931 2561 ὅσων·
1998 2516 2118 2560 και
2159 2515 2297 2586 γαρ
2331 2486 2710 2618 Ὅμηρον,
2760 2479 2976 2567 ,καθα

739 2619 961 2691 φησιν
1005 2590 1521 2687 Ἡρακλείδης,
1571 2585 2072 2687 παρακόπτειν
2106 2592 2382 2685 ἔλεγον,
2408 2593 2557 2664 καί
2598 2584 2976 2666 Αστυὸοέψ

742 2722 992 2789 μαντα
1019 2720 1311 2787 πρωτον
1340 2721 1487 2766 των
1511 2720 1681 2789 περι
1663 2688 2124 2784 “Αἰσχύλον’
2088 2701 2437 2792 ετίμησαν
2466 2689 2694 2767 εἰκόνι
2728 2691 2973 2789 χαλκῇ.

644 2800 731 2862 19
746 2796 932 2884 Quid
978 2818 1139 2866 vero
1157 2795 1191 2862 ?
1266 2797 1470 2864 taline
1508 2797 1709 2882 loco,
1761 2821 1964 2886 quem
2016 2808 2410 2888 corruptum
2456 2821 2598 2865 esse
2644 2799 2976 2887 interpre-

736 2912 839 2969 tes
899 2899 1060 2968 fassi
1116 2909 1266 2967 sunt
1322 2922 1555 2971 omnes
1573 2949 1592 2984 ‚
1674 2902 2066 2968 sententiam
2131 2923 2321 2968 suam
2379 2901 2630 2969 firmari
2692 2901 2978 2992 putabat
3086 2917 3091 2922 ·

736 3002 1183 3074 Boeckhius?
1233 3002 1326 3071 Vt
1356 3002 1694 3093 scripserit
1734 3004 2080 3096 Diogenes
2110 3030 2401 3099 πρωτον
2425 3032 2571 3076 των
2608 3002 2775 3098 περὶ
2819 3003 2973 3077 Λί-

739 3100 1040 3198 σχύλον,
1092 3107 1671 3196 quemadmodum
1699 3106 2063 3199 Menagius
2106 3128 2264 3176 cum
2302 3108 2503 3199 tegio
2544 3106 2789 3177 codice
2828 3105 2975 3174 edi-

736 3210 873 3296 dit,
942 3231 1151 3299 quum
1185 3211 1398 3301 vulgo
1437 3210 1783 3302 legeretur
1827 3238 2118 3307 πρωτον
2173 3236 2308 3283 τον
2360 3212 2527 3306 περὶ
2570 3202 2977 3300 Αἰσχύλον,

734 3313 901 3404 quid
940 3313 1069 3381 sibi
1114 3313 1348 3381 volunt
1389 3313 1565 3384 haec
1608 3313 1868 3383 verba?
1927 3313 2255 3382 Vtrumne
2294 3314 2738 3404 praecipuum
2799 3312 2973 3384 dicit

735 3421 907 3487 inter
932 3424 1292 3487 sectatores
1315 3416 1687 3506 Aeschyli?
1738 3427 1805 3483 at
1846 3425 1992 3486 tum
2033 3418 2323 3487 scribere
2356 3417 2652 3487 debebat
2692 3426 2808 3484 aut
2840 3410 2975 3489 τόν

737 3508 1031 3616 πρῶτον
1046 3574 1074 3609 ,
1146 3529 1261 3589 aut
1298 3523 1603 3616 πρῶτον
1662 3518 1882 3592 ὄντας
1952 3543 2036 3588 an
2090 3521 2421 3611 primum,
2490 3519 2697 3610 quod*
2726 3519 2975 3588 deinde

739 3626 885 3692 aliis
920 3648 1003 3693 ex
1034 3624 1275 3693 eadem
1318 3623 1572 3691 familia
1602 3623 1787 3691 idem
1815 3624 2039 3691 honor
2064 3623 2331 3691 habitus
2358 3624 2490 3691 sit?
2542 3633 2609 3690 at
2637 3622 2785 3712 quis
2824 3645 2978 3690 um-

738 3750 944 3819 quam
994 3727 1136 3798 hoc
1167 3722 1494 3817 Aeschyli
1534 3729 1970 3796 sectatoribus
2011 3726 2368 3819 contigisse
2412 3717 2700 3811 audivit,
2768 3750 2981 3816 quum

617 3918 624 3922 η
740 3829 815 3896 id
842 3830 1072 3919 ipsum·
1091 3880 1113 3917 ,
1165 3832 1483 3900 exstitisse
1523 3832 1729 3898 talem
1770 3841 2055 3915 sectam,
2106 3830 2304 3900 huius
2344 3831 2619 3900 demum
2662 3830 2803 3899 loci
2839 3830 2980 3897 fide

743 3932 1023 4001 credere
1078 3954 1199 4001 nos
1244 3936 1409 4001 velit
1456 3934 1902 4004 Boeckhius?
1968 3935 2198 4019 Quare
2239 3944 2599 4023 antequam
2642 3934 2817 4022 quis·
2838 3934 2979 4002 hoc

740 4035 902 4103 loco
948 4035 1217 4102 ullam
1198 4059 1268 4102 ιιι
1309 4046 1575 4127 partem
1612 4048 1942 4121 uteretur,
2016 4037 2105 4106 de
2153 4038 2623 4105 emendatione
2667 4038 2980 4128 cogitan-

744 4138 911 4207 dum
965 4136 1159 4205 erat?
1207 4139 1313 4209 Ac
1343 4138 1521 4206 Mer.
1555 4140 1990 4208 casaubonus
2018 4141 2447 4210 scribendum
2487 4141 2809 4263 putabat:
2859 4137 2978 4212 καὶ

755 4244 1134 4336 Τυρταῖον·
1156 4237 1703 4368 παρακόπτειν
1791 4246 2069 4366 ἔλεγον,
2171 4273 2288 4317 και
2376 4236 2974 4336 Ἀστυδάμαντα,

745 4369 1038 4440 πρωτον
1080 4369 1227 4416 των
1275 4342 1437 4438 περὶ
1479 4340 1892 4436 Αἰσχύλον,
1947 4346 2032 4419 ὃν
2086 4345 2436 4445 ἐτίμησαν
2474 4341 2700 4420 εικόνι
2730 4344 2973 4445 χαλκῇ.

744 4449 900 4518 Alia
930 4445 1228 4517 tentabat
1261 4444 1624 4540 Menagius
1637 4497 1658 4537 ,
1709 4472 1884 4540 quae
1914 4452 2283 4542 praeterire
2310 4451 2508 4520 satius
2548 4451 2731 4519 duco
2748 4498 2769 4536 ‚
2822 4449 2980 4540 quin
