<?xml version="1.0" encoding="UTF-8"?>
<!DOCTYPE html PUBLIC "-//W3C//DTD XHTML 1.0 Transitional//EN"
    "http://www.w3.org/TR/xhtml1/DTD/xhtml1-transitional.dtd">
<html xmlns="http://www.w3.org/1999/xhtml" xml:lang="en" lang="en">
 <head>
  <title>
</title>
<meta http-equiv="Content-Type" content="text/html;charset=utf-8" />
  <meta name='ocr-system' content='tesseract 3.04.00' />
  <meta name='ocr-capabilities' content='ocr_page ocr_carea ocr_par ocr_line ocrx_word'/>
</head>
<body>
  <div class='ocr_page' id='page_1' title='image "./godofrediherman01fritgoog_0222.png"; bbox 0 0 3325 5317; ppageno 0'>
   <div class='ocr_carea' id='block_1_1' title="bbox 755 480 2527 550">
    <p class='ocr_par' dir='ltr' id='par_1_1' title="bbox 755 480 2527 550">
     <span class='ocr_line' id='line_1_1' title="bbox 755 480 2527 550; baseline -0.003 0"><span class='ocrx_word' id='word_1_1' title='bbox 755 488 885 550; x_wconf 78' lang='lat'><strong>218</strong></span> <span class='ocrx_word' id='word_1_2' title='bbox 1210 480 1646 547; x_wconf 74' lang='lat' dir='ltr'><strong>cENsvnA</strong></span> <span class='ocrx_word' id='word_1_3' title='bbox 1684 481 2002 546; x_wconf 77' lang='lat' dir='ltr'><strong>NOVAE</strong></span> <span class='ocrx_word' id='word_1_4' title='bbox 2040 482 2527 546; x_wconf 77' lang='lat' dir='ltr'><strong>Enl&#39;rloms</strong></span> 
     </span>
    </p>
   </div>
   <div class='ocr_carea' id='block_1_2' title="bbox 698 653 2987 3825">
    <p class='ocr_par' dir='ltr' id='par_1_2' title="bbox 731 653 2984 2092">
     <span class='ocr_line' id='line_1_2' title="bbox 731 653 2984 746; baseline -0.001 -21"><span class='ocrx_word' id='word_1_5' title='bbox 731 654 1045 728; x_wconf 72' lang='lat' dir='ltr'><strong>,dicenda</strong></span> <span class='ocrx_word' id='word_1_6' title='bbox 1072 654 1457 725; x_wconf 74' lang='lat' dir='ltr'><strong>satisfacere</strong></span> <span class='ocrx_word' id='word_1_7' title='bbox 1495 662 1689 724; x_wconf 89' lang='lat' dir='ltr'><strong>tanto</strong></span> <span class='ocrx_word' id='word_1_8' title='bbox 1718 653 2059 725; x_wconf 83' lang='lat' dir='ltr'><strong>difficilius</strong></span> <span class='ocrx_word' id='word_1_9' title='bbox 2100 663 2233 742; x_wconf 86' lang='lat' dir='ltr'><strong>est,</strong></span> <span class='ocrx_word' id='word_1_10' title='bbox 2281 654 2474 745; x_wconf 91' lang='lat' dir='ltr'><strong>quod</strong></span> <span class='ocrx_word' id='word_1_11' title='bbox 2512 676 2717 746; x_wconf 85' lang='lat' dir='ltr'><strong>saepe</strong></span> <span class='ocrx_word' id='word_1_12' title='bbox 2758 654 2984 723; x_wconf 88' lang='lat' dir='ltr'><strong>diver-</strong></span> 
     </span>
     <span class='ocr_line' id='line_1_3' title="bbox 753 757 2982 852; baseline -0.002 -21"><span class='ocrx_word' id='word_1_13' title='bbox 753 764 840 831; x_wconf 80' lang='lat' dir='ltr'><strong>sis</strong></span> <span class='ocrx_word' id='word_1_14' title='bbox 880 782 1020 829; x_wconf 91' lang='lat' dir='ltr'><strong>non</strong></span> <span class='ocrx_word' id='word_1_15' title='bbox 1060 758 1274 827; x_wconf 91' lang='lat' dir='ltr'><strong>modo</strong></span> <span class='ocrx_word' id='word_1_16' title='bbox 1315 757 1614 844; x_wconf 86' lang='lat' dir='ltr'><strong>diversa,</strong></span> <span class='ocrx_word' id='word_1_17' title='bbox 1663 758 1785 828; x_wconf 80' lang='lat' dir='ltr'><strong>sed</strong></span> <span class='ocrx_word' id='word_1_18' title='bbox 1816 758 2150 828; x_wconf 84' lang='lat' dir='ltr'><strong>contraria</strong></span> <span class='ocrx_word' id='word_1_19' title='bbox 2179 758 2474 852; x_wconf 83' lang='lat' dir='ltr'><strong>placent.</strong></span> <span class='ocrx_word' id='word_1_20' title='bbox 2575 759 2837 828; x_wconf 90' lang='lat' dir='ltr'><strong>Verum</strong></span> <span class='ocrx_word' id='word_1_21' title='bbox 2863 758 2982 827; x_wconf 87' lang='lat' dir='ltr'><strong>etsi</strong></span> 
     </span>
     <span class='ocr_line' id='line_1_4' title="bbox 753 861 2982 954; baseline -0.001 -22"><span class='ocrx_word' id='word_1_22' title='bbox 753 862 1057 935; x_wconf 85' lang='lat' dir='ltr'><strong>satisfieri</strong></span> <span class='ocrx_word' id='word_1_23' title='bbox 1095 862 1404 932; x_wconf 88' lang='lat' dir='ltr'><strong>omnibus</strong></span> <span class='ocrx_word' id='word_1_24' title='bbox 1458 862 1650 931; x_wconf 91' lang='lat' dir='ltr'><strong>nullo</strong></span> <span class='ocrx_word' id='word_1_25' title='bbox 1693 861 1909 931; x_wconf 89' lang='lat' dir='ltr'><strong>modo</strong></span> <span class='ocrx_word' id='word_1_26' title='bbox 1957 884 2160 953; x_wconf 90' lang='lat' dir='ltr'><strong>posse</strong></span> <span class='ocrx_word' id='word_1_27' title='bbox 2213 861 2651 954; x_wconf 74' lang='lat' dir='ltr'><strong>intelligimus</strong></span> <span class='ocrx_word' id='word_1_28' title='bbox 2667 911 2690 948; x_wconf 89' lang='lat'><strong>,</strong></span> <span class='ocrx_word' id='word_1_29' title='bbox 2756 871 2982 929; x_wconf 87' lang='lat' dir='ltr'><strong>tamen</strong></span> 
     </span>
     <span class='ocr_line' id='line_1_5' title="bbox 750 963 2980 1055; baseline -0.001 -21"><span class='ocrx_word' id='word_1_30' title='bbox 750 966 921 1034; x_wconf 87' lang='lat' dir='ltr'><strong>illud</strong></span> <span class='ocrx_word' id='word_1_31' title='bbox 961 965 1374 1035; x_wconf 78' lang='lat' dir='ltr'><strong>studebimus</strong></span> <span class='ocrx_word' id='word_1_32' title='bbox 1418 964 1731 1051; x_wconf 88' lang='lat' dir='ltr'><strong>efficere,</strong></span> <span class='ocrx_word' id='word_1_33' title='bbox 1778 973 1856 1032; x_wconf 89' lang='lat' dir='ltr'><strong>ut</strong></span> <span class='ocrx_word' id='word_1_34' title='bbox 1902 966 2133 1055; x_wconf 89' lang='lat' dir='ltr'><strong>aequis</strong></span> <span class='ocrx_word' id='word_1_35' title='bbox 2178 963 2428 1034; x_wconf 89' lang='lat' dir='ltr'><strong>harum</strong></span> <span class='ocrx_word' id='word_1_36' title='bbox 2469 988 2695 1034; x_wconf 88' lang='lat' dir='ltr'><strong>rerum</strong></span> <span class='ocrx_word' id='word_1_37' title='bbox 2719 966 2980 1034; x_wconf 86' lang='lat' dir='ltr'><strong>arbitris</strong></span> 
     </span>
     <span class='ocr_line' id='line_1_6' title="bbox 749 1066 2982 1159; baseline -0 -21"><span class='ocrx_word' id='word_1_38' title='bbox 749 1069 917 1139; x_wconf 88' lang='lat' dir='ltr'><strong>nihil</strong></span> <span class='ocrx_word' id='word_1_39' title='bbox 930 1118 953 1155; x_wconf 88' lang='lat'><strong>,</strong></span> <span class='ocrx_word' id='word_1_40' title='bbox 1002 1068 1193 1159; x_wconf 89' lang='lat' dir='ltr'><strong>quod</strong></span> <span class='ocrx_word' id='word_1_41' title='bbox 1243 1091 1382 1138; x_wconf 89' lang='lat' dir='ltr'><strong>non</strong></span> <span class='ocrx_word' id='word_1_42' title='bbox 1418 1066 1679 1136; x_wconf 49' lang='lat' dir='ltr'><strong>idon&amp;</strong></span> <span class='ocrx_word' id='word_1_43' title='bbox 1728 1069 2096 1137; x_wconf 84' lang='lat' dir='ltr'><strong>rationibus</strong></span> <span class='ocrx_word' id='word_1_44' title='bbox 2138 1068 2465 1136; x_wconf 89' lang='lat' dir='ltr'><strong>munitum</strong></span> <span class='ocrx_word' id='word_1_45' title='bbox 2507 1069 2621 1153; x_wconf 90' lang='lat' dir='ltr'><strong>sit,</strong></span> <span class='ocrx_word' id='word_1_46' title='bbox 2686 1069 2982 1137; x_wconf 84' lang='lat' dir='ltr'><strong>attulisse</strong></span> 
     </span>
     <span class='ocr_line' id='line_1_7' title="bbox 751 1170 2980 1264; baseline -0.001 -22"><span class='ocrx_word' id='word_1_47' title='bbox 751 1173 1118 1242; x_wconf 74' lang='lat' dir='ltr'><strong>videamur.</strong></span> <span class='ocrx_word' id='word_1_48' title='bbox 1218 1172 1328 1243; x_wconf 85' lang='lat' dir='ltr'><strong>Ac</strong></span> <span class='ocrx_word' id='word_1_49' title='bbox 1371 1171 1464 1241; x_wconf 91' lang='lat' dir='ltr'><strong>de</strong></span> <span class='ocrx_word' id='word_1_50' title='bbox 1503 1193 1591 1240; x_wconf 88' lang='lat' dir='ltr'><strong>eo</strong></span> <span class='ocrx_word' id='word_1_51' title='bbox 1625 1171 1904 1261; x_wconf 88' lang='lat' dir='ltr'><strong>quidem</strong></span> <span class='ocrx_word' id='word_1_52' title='bbox 1941 1172 2115 1240; x_wconf 88' lang='lat' dir='ltr'><strong>inter</strong></span> <span class='ocrx_word' id='word_1_53' title='bbox 2138 1195 2371 1241; x_wconf 82' lang='lat' dir='ltr'><strong>omnes</strong></span> <span class='ocrx_word' id='word_1_54' title='bbox 2395 1170 2752 1242; x_wconf 86' lang='lat' dir='ltr'><strong>convenire</strong></span> <span class='ocrx_word' id='word_1_55' title='bbox 2778 1180 2980 1264; x_wconf 85' lang='lat' dir='ltr'><strong>puta-</strong></span> 
     </span>
     <span class='ocr_line' id='line_1_8' title="bbox 751 1274 2983 1367; baseline -0.002 -20"><span class='ocrx_word' id='word_1_56' title='bbox 751 1299 902 1347; x_wconf 84' lang='lat' dir='ltr'><strong>mus</strong></span> <span class='ocrx_word' id='word_1_57' title='bbox 915 1324 938 1363; x_wconf 93' lang='lat'><strong>,</strong></span> <span class='ocrx_word' id='word_1_58' title='bbox 1008 1274 1324 1345; x_wconf 69' lang='lat' dir='ltr'><strong>Editor-es</strong></span> <span class='ocrx_word' id='word_1_59' title='bbox 1381 1275 1801 1345; x_wconf 87' lang='lat' dir='ltr'><strong>doctissimos</strong></span> <span class='ocrx_word' id='word_1_60' title='bbox 1854 1275 2195 1345; x_wconf 79' lang='lat' dir='ltr'><strong>Thesauri</strong></span> <span class='ocrx_word' id='word_1_61' title='bbox 2246 1274 2689 1367; x_wconf 86' lang='lat' dir='ltr'><strong>Stephaniani</strong></span> <span class='ocrx_word' id='word_1_62' title='bbox 2731 1283 2983 1345; x_wconf 85' lang='lat' dir='ltr'><strong>tautam</strong></span> 
     </span>
     <span class='ocr_line' id='line_1_9' title="bbox 753 1375 2979 1470; baseline -0.002 -21"><span class='ocrx_word' id='word_1_63' title='bbox 753 1389 823 1449; x_wconf 88' lang='lat' dir='ltr'><strong>et</strong></span> <span class='ocrx_word' id='word_1_64' title='bbox 859 1381 931 1448; x_wconf 93' lang='lat' dir='ltr'><strong>in</strong></span> <span class='ocrx_word' id='word_1_65' title='bbox 971 1378 1459 1470; x_wconf 89' lang='lat' dir='ltr'><strong>locupletando</strong></span> <span class='ocrx_word' id='word_1_66' title='bbox 1485 1375 1629 1447; x_wconf 92' lang='lat' dir='ltr'><strong>hoc</strong></span> <span class='ocrx_word' id='word_1_67' title='bbox 1665 1377 1844 1447; x_wconf 84' lang='lat' dir='ltr'><strong>libro</strong></span> <span class='ocrx_word' id='word_1_68' title='bbox 1877 1378 2300 1469; x_wconf 88' lang='lat' dir='ltr'><strong>industriam,</strong></span> <span class='ocrx_word' id='word_1_69' title='bbox 2350 1388 2419 1448; x_wconf 91' lang='lat' dir='ltr'><strong>et</strong></span> <span class='ocrx_word' id='word_1_70' title='bbox 2458 1380 2530 1447; x_wconf 90' lang='lat' dir='ltr'><strong>in</strong></span> <span class='ocrx_word' id='word_1_71' title='bbox 2571 1377 2979 1470; x_wconf 79' lang='lat' dir='ltr'><strong>expoliendo</strong></span> 
     </span>
     <span class='ocr_line' id='line_1_10' title="bbox 753 1479 2980 1576; baseline -0.001 -25"><span class='ocrx_word' id='word_1_72' title='bbox 753 1483 1174 1576; x_wconf 74' lang='lat' dir='ltr'><strong>diligentiam</strong></span> <span class='ocrx_word' id='word_1_73' title='bbox 1212 1482 1575 1566; x_wconf 87' lang='lat' dir='ltr'><strong>adhibere,</strong></span> <span class='ocrx_word' id='word_1_74' title='bbox 1639 1489 1718 1550; x_wconf 86' lang='lat' dir='ltr'><strong>ut</strong></span> <span class='ocrx_word' id='word_1_75' title='bbox 1773 1480 1935 1552; x_wconf 86' lang='lat' dir='ltr'><strong>inde</strong></span> <span class='ocrx_word' id='word_1_76' title='bbox 1980 1504 2120 1550; x_wconf 87' lang='lat' dir='ltr'><strong>non</strong></span> <span class='ocrx_word' id='word_1_77' title='bbox 2157 1483 2370 1574; x_wconf 83' lang='lat' dir='ltr'><strong>possit</strong></span> <span class='ocrx_word' id='word_1_78' title='bbox 2404 1504 2544 1551; x_wconf 89' lang='lat' dir='ltr'><strong>non</strong></span> <span class='ocrx_word' id='word_1_79' title='bbox 2586 1505 2848 1551; x_wconf 88' lang='lat' dir='ltr'><strong>summa</strong></span> <span class='ocrx_word' id='word_1_80' title='bbox 2890 1479 2980 1548; x_wconf 87' lang='lat' dir='ltr'><strong>ad</strong></span> 
     </span>
     <span class='ocr_line' id='line_1_11' title="bbox 753 1584 2982 1657; baseline -0.002 -1"><span class='ocrx_word' id='word_1_81' title='bbox 753 1588 974 1656; x_wconf 85' lang='lat' dir='ltr'><strong>studia</strong></span> <span class='ocrx_word' id='word_1_82' title='bbox 1022 1585 1442 1657; x_wconf 84' lang='lat' dir='ltr'><strong>Graecarum</strong></span> <span class='ocrx_word' id='word_1_83' title='bbox 1493 1584 1868 1653; x_wconf 87' lang='lat' dir='ltr'><strong>litterarum</strong></span> <span class='ocrx_word' id='word_1_84' title='bbox 1920 1586 2168 1654; x_wconf 85' lang='lat' dir='ltr'><strong>utilitas</strong></span> <span class='ocrx_word' id='word_1_85' title='bbox 2232 1585 2633 1654; x_wconf 84' lang='lat' dir='ltr'><strong>redundare.</strong></span> <span class='ocrx_word' id='word_1_86' title='bbox 2778 1585 2982 1654; x_wconf 87' lang='lat' dir='ltr'><strong>Cuius</strong></span> 
     </span>
     <span class='ocr_line' id='line_1_12' title="bbox 752 1685 2981 1781; baseline -0.001 -22"><span class='ocrx_word' id='word_1_87' title='bbox 752 1692 975 1759; x_wconf 89' lang='lat' dir='ltr'><strong>meriti</strong></span> <span class='ocrx_word' id='word_1_88' title='bbox 1021 1710 1162 1780; x_wconf 89' lang='lat' dir='ltr'><strong>quo</strong></span> <span class='ocrx_word' id='word_1_89' title='bbox 1209 1688 1530 1780; x_wconf 86' lang='lat' dir='ltr'><strong>insignior</strong></span> <span class='ocrx_word' id='word_1_90' title='bbox 1571 1697 1675 1756; x_wconf 88' lang='lat' dir='ltr'><strong>est</strong></span> <span class='ocrx_word' id='word_1_91' title='bbox 1714 1688 2117 1780; x_wconf 77' lang='lat' dir='ltr'><strong>magnitudo</strong></span> <span class='ocrx_word' id='word_1_92' title='bbox 2130 1737 2153 1774; x_wconf 86' lang='lat'><strong>,</strong></span> <span class='ocrx_word' id='word_1_93' title='bbox 2219 1685 2497 1781; x_wconf 87' lang='lat' dir='ltr'><strong>quoque</strong></span> <span class='ocrx_word' id='word_1_94' title='bbox 2530 1690 2683 1780; x_wconf 89' lang='lat' dir='ltr'><strong>plus</strong></span> <span class='ocrx_word' id='word_1_95' title='bbox 2731 1689 2981 1756; x_wconf 85' lang='lat' dir='ltr'><strong>laboris</strong></span> 
     </span>
     <span class='ocr_line' id='line_1_13' title="bbox 751 1790 2978 1883; baseline 0 -21"><span class='ocrx_word' id='word_1_96' title='bbox 751 1795 823 1862; x_wconf 86' lang='lat' dir='ltr'><strong>in</strong></span> <span class='ocrx_word' id='word_1_97' title='bbox 863 1794 988 1861; x_wconf 87' lang='lat' dir='ltr'><strong>illa</strong></span> <span class='ocrx_word' id='word_1_98' title='bbox 1036 1814 1250 1883; x_wconf 91' lang='lat' dir='ltr'><strong>opera</strong></span> <span class='ocrx_word' id='word_1_99' title='bbox 1293 1790 1766 1861; x_wconf 81' lang='lat' dir='ltr'><strong>exantlandum</strong></span> <span class='ocrx_word' id='word_1_100' title='bbox 1811 1801 1946 1877; x_wconf 89' lang='lat' dir='ltr'><strong>est,</strong></span> <span class='ocrx_word' id='word_1_101' title='bbox 2030 1801 2215 1859; x_wconf 89' lang='lat' dir='ltr'><strong>tauto</strong></span> <span class='ocrx_word' id='word_1_102' title='bbox 2271 1795 2515 1864; x_wconf 88' lang='lat' dir='ltr'><strong>certius</strong></span> <span class='ocrx_word' id='word_1_103' title='bbox 2559 1792 2978 1875; x_wconf 79' lang='lat' dir='ltr'><strong>confidimus,</strong></span> 
     </span>
     <span class='ocr_line' id='line_1_14' title="bbox 751 1893 2980 2015; baseline -0.002 -50"><span class='ocrx_word' id='word_1_104' title='bbox 751 1895 1089 1965; x_wconf 86' lang='lat' dir='ltr'><strong>neminem</strong></span> <span class='ocrx_word' id='word_1_105' title='bbox 1131 1893 1282 1963; x_wconf 84' lang='lat' dir='ltr'><strong>fore</strong></span> <span class='ocrx_word' id='word_1_106' title='bbox 1296 1941 1319 1978; x_wconf 91' lang='lat'><strong>,</strong></span> <span class='ocrx_word' id='word_1_107' title='bbox 1382 1893 1567 2015; x_wconf 47' lang='lat' dir='ltr'><strong>quin·</strong></span> <span class='ocrx_word' id='word_1_108' title='bbox 1582 1917 1666 1963; x_wconf 85' lang='lat' dir='ltr'><strong>ex</strong></span> <span class='ocrx_word' id='word_1_109' title='bbox 1708 1894 1932 1963; x_wconf 88' lang='lat' dir='ltr'><strong>animo</strong></span> <span class='ocrx_word' id='word_1_110' title='bbox 1968 1897 2252 1988; x_wconf 79' lang='lat' dir='ltr'><strong>gratias,</strong></span> <span class='ocrx_word' id='word_1_111' title='bbox 2321 1905 2611 1985; x_wconf 88' lang='lat' dir='ltr'><strong>quantae</strong></span> <span class='ocrx_word' id='word_1_112' title='bbox 2650 1896 2980 1963; x_wconf 81' lang='lat' dir='ltr'><strong>maximae</strong></span> 
     </span>
     <span class='ocr_line' id='line_1_15' title="bbox 752 1996 2980 2092; baseline -0.002 -23"><span class='ocrx_word' id='word_1_113' title='bbox 752 2000 920 2085; x_wconf 86' lang='lat' dir='ltr'><strong>sint,</strong></span> <span class='ocrx_word' id='word_1_114' title='bbox 970 1999 1271 2092; x_wconf 85' lang='lat' dir='ltr'><strong>agendas</strong></span> <span class='ocrx_word' id='word_1_115' title='bbox 1298 1998 1408 2067; x_wconf 88' lang='lat' dir='ltr'><strong>his</strong></span> <span class='ocrx_word' id='word_1_116' title='bbox 1450 1996 1603 2066; x_wconf 84' lang='lat' dir='ltr'><strong>viris</strong></span> <span class='ocrx_word' id='word_1_117' title='bbox 1648 2008 1932 2068; x_wconf 84' lang='lat' dir='ltr'><strong>censeat.</strong></span> <span class='ocrx_word' id='word_1_118' title='bbox 2039 1998 2265 2083; x_wconf 80' lang='lat' dir='ltr'><strong>Quam</strong></span> <span class='ocrx_word' id='word_1_119' title='bbox 2302 1999 2543 2067; x_wconf 88' lang='lat' dir='ltr'><strong>infiniti</strong></span> <span class='ocrx_word' id='word_1_120' title='bbox 2583 1998 2763 2065; x_wconf 87' lang='lat' dir='ltr'><strong>enim</strong></span> <span class='ocrx_word' id='word_1_121' title='bbox 2784 1998 2980 2066; x_wconf 88' lang='lat' dir='ltr'><strong>labo-</strong></span> 
     </span>
    </p>

    <p class='ocr_par' dir='ltr' id='par_1_3' title="bbox 746 2101 2986 2814">
     <span class='ocr_line' id='line_1_16' title="bbox 748 2101 2983 2194; baseline -0.002 -23"><span class='ocrx_word' id='word_1_122' title='bbox 748 2103 839 2171; x_wconf 88' lang='lat' dir='ltr'><strong>ris</strong></span> <span class='ocrx_word' id='word_1_123' title='bbox 886 2102 1007 2187; x_wconf 86' lang='lat' dir='ltr'><strong>sit,</strong></span> <span class='ocrx_word' id='word_1_124' title='bbox 1068 2101 1382 2193; x_wconf 84' lang='lat' dir='ltr'><strong>exempla</strong></span> <span class='ocrx_word' id='word_1_125' title='bbox 1428 2101 1518 2173; x_wconf 83' lang='lat' dir='ltr'><strong>ab</strong></span> <span class='ocrx_word' id='word_1_126' title='bbox 1558 2101 1653 2174; x_wconf 89' lang='lat' dir='ltr'><strong>H.</strong></span> <span class='ocrx_word' id='word_1_127' title='bbox 1694 2101 2050 2194; x_wconf 85' lang='lat' dir='ltr'><strong>Stephano</strong></span> <span class='ocrx_word' id='word_1_128' title='bbox 2082 2102 2284 2171; x_wconf 89' lang='lat' dir='ltr'><strong>citata</strong></span> <span class='ocrx_word' id='word_1_129' title='bbox 2322 2103 2703 2191; x_wconf 83' lang='lat' dir='ltr'><strong>exquirere,</strong></span> <span class='ocrx_word' id='word_1_130' title='bbox 2754 2101 2983 2193; x_wconf 89' lang='lat' dir='ltr'><strong>copias</strong></span> 
     </span>
     <span class='ocr_line' id='line_1_17' title="bbox 751 2203 2986 2297; baseline -0 -21"><span class='ocrx_word' id='word_1_131' title='bbox 751 2231 793 2276; x_wconf 90' lang='lat' dir='ltr'><strong>a</strong></span> <span class='ocrx_word' id='word_1_132' title='bbox 823 2205 1285 2297; x_wconf 87' lang='lat' dir='ltr'><strong>compluribus</strong></span> <span class='ocrx_word' id='word_1_133' title='bbox 1323 2204 1713 2273; x_wconf 88' lang='lat' dir='ltr'><strong>hominibus</strong></span> <span class='ocrx_word' id='word_1_134' title='bbox 1749 2205 1967 2275; x_wconf 86' lang='lat' dir='ltr'><strong>doctis</strong></span> <span class='ocrx_word' id='word_1_135' title='bbox 1996 2214 2349 2297; x_wconf 83' lang='lat' dir='ltr'><strong>congestas</strong></span> <span class='ocrx_word' id='word_1_136' title='bbox 2379 2206 2770 2296; x_wconf 86' lang='lat' dir='ltr'><strong>disponere,</strong></span> <span class='ocrx_word' id='word_1_137' title='bbox 2821 2203 2986 2275; x_wconf 84' lang='lat' dir='ltr'><strong>scri-</strong></span> 
     </span>
     <span class='ocr_line' id='line_1_18' title="bbox 748 2307 2983 2403; baseline -0.002 -25"><span class='ocrx_word' id='word_1_138' title='bbox 748 2319 981 2403; x_wconf 65' lang='lat' dir='ltr'><strong>ptores</strong></span> <span class='ocrx_word' id='word_1_139' title='bbox 1039 2310 1253 2377; x_wconf 88' lang='lat' dir='ltr'><strong>omnis</strong></span> <span class='ocrx_word' id='word_1_140' title='bbox 1306 2307 1572 2401; x_wconf 87' lang='lat' dir='ltr'><strong>generis</strong></span> <span class='ocrx_word' id='word_1_141' title='bbox 1622 2331 1995 2398; x_wconf 87' lang='lat' dir='ltr'><strong>eorumque</strong></span> <span class='ocrx_word' id='word_1_142' title='bbox 2034 2308 2434 2400; x_wconf 84' lang='lat' dir='ltr'><strong>interpretes</strong></span> <span class='ocrx_word' id='word_1_143' title='bbox 2470 2307 2802 2398; x_wconf 79' lang='lat' dir='ltr'><strong>inspicere</strong></span> <span class='ocrx_word' id='word_1_144' title='bbox 2815 2356 2838 2393; x_wconf 89' lang='lat'><strong>,</strong></span> <span class='ocrx_word' id='word_1_145' title='bbox 2914 2307 2983 2373; x_wconf 91' lang='lat' dir='ltr'><strong>in</strong></span> 
     </span>
     <span class='ocr_line' id='line_1_19' title="bbox 748 2403 2984 2506; baseline -0.003 -24"><span class='ocrx_word' id='word_1_146' title='bbox 748 2413 1024 2506; x_wconf 85' lang='lat' dir='ltr'><strong>singulis</strong></span> <span class='ocrx_word' id='word_1_147' title='bbox 1053 2412 1226 2482; x_wconf 87' lang='lat' dir='ltr'><strong>locis</strong></span> <span class='ocrx_word' id='word_1_148' title='bbox 1261 2410 1746 2502; x_wconf 79' lang='lat' dir='ltr'><strong>vocabulisque</strong></span> <span class='ocrx_word' id='word_1_149' title='bbox 1784 2434 1962 2501; x_wconf 88' lang='lat' dir='ltr'><strong>quae</strong></span> <span class='ocrx_word' id='word_1_150' title='bbox 2000 2403 2208 2479; x_wconf 85' lang='lat' dir='ltr'><strong>dubia</strong></span> <span class='ocrx_word' id='word_1_151' title='bbox 2232 2420 2433 2502; x_wconf 88' lang='lat' dir='ltr'><strong>atque</strong></span> <span class='ocrx_word' id='word_1_152' title='bbox 2469 2411 2793 2503; x_wconf 85' lang='lat' dir='ltr'><strong>ambigua</strong></span> <span class='ocrx_word' id='word_1_153' title='bbox 2835 2419 2984 2477; x_wconf 88' lang='lat' dir='ltr'><strong>sunt</strong></span> 
     </span>
     <span class='ocr_line' id='line_1_20' title="bbox 746 2513 2983 2609; baseline -0.002 -25"><span class='ocrx_word' id='word_1_154' title='bbox 746 2516 1132 2609; x_wconf 80' lang='lat' dir='ltr'><strong>ponderare</strong></span> <span class='ocrx_word' id='word_1_155' title='bbox 1145 2564 1166 2601; x_wconf 93' lang='lat'><strong>,</strong></span> <span class='ocrx_word' id='word_1_156' title='bbox 1244 2525 1591 2607; x_wconf 84' lang='lat' dir='ltr'><strong>postremo</strong></span> <span class='ocrx_word' id='word_1_157' title='bbox 1638 2538 1725 2585; x_wconf 88' lang='lat' dir='ltr'><strong>ex</strong></span> <span class='ocrx_word' id='word_1_158' title='bbox 1767 2514 1876 2584; x_wconf 89' lang='lat' dir='ltr'><strong>his</strong></span> <span class='ocrx_word' id='word_1_159' title='bbox 1926 2515 2233 2587; x_wconf 84' lang='lat' dir='ltr'><strong>omnibus</strong></span> <span class='ocrx_word' id='word_1_160' title='bbox 2281 2538 2441 2582; x_wconf 90' lang='lat' dir='ltr'><strong>vera</strong></span> <span class='ocrx_word' id='word_1_161' title='bbox 2484 2537 2717 2583; x_wconf 87' lang='lat' dir='ltr'><strong>eruere</strong></span> <span class='ocrx_word' id='word_1_162' title='bbox 2734 2563 2757 2600; x_wconf 90' lang='lat'><strong>,</strong></span> <span class='ocrx_word' id='word_1_163' title='bbox 2817 2513 2893 2581; x_wconf 90' lang='lat' dir='ltr'><strong>id</strong></span> <span class='ocrx_word' id='word_1_164' title='bbox 2929 2513 2983 2580; x_wconf 87' lang='lat' dir='ltr'><strong>is</strong></span> 
     </span>
     <span class='ocr_line' id='line_1_21' title="bbox 750 2616 2984 2710; baseline -0.002 -22"><span class='ocrx_word' id='word_1_165' title='bbox 750 2621 1029 2689; x_wconf 90' lang='lat' dir='ltr'><strong>demum</strong></span> <span class='ocrx_word' id='word_1_166' title='bbox 1084 2626 1270 2688; x_wconf 87' lang='lat' dir='ltr'><strong>recte</strong></span> <span class='ocrx_word' id='word_1_167' title='bbox 1340 2619 1784 2688; x_wconf 87' lang='lat' dir='ltr'><strong>aestimaverit</strong></span> <span class='ocrx_word' id='word_1_168' title='bbox 1797 2667 1820 2706; x_wconf 94' lang='lat'><strong>,</strong></span> <span class='ocrx_word' id='word_1_169' title='bbox 1904 2620 2025 2707; x_wconf 90' lang='lat' dir='ltr'><strong>qni</strong></span> <span class='ocrx_word' id='word_1_170' title='bbox 2078 2640 2216 2685; x_wconf 88' lang='lat' dir='ltr'><strong>non</strong></span> <span class='ocrx_word' id='word_1_171' title='bbox 2280 2617 2503 2689; x_wconf 91' lang='lat' dir='ltr'><strong>dicam</strong></span> <span class='ocrx_word' id='word_1_172' title='bbox 2554 2619 2703 2710; x_wconf 86' lang='lat' dir='ltr'><strong>ipse</strong></span> <span class='ocrx_word' id='word_1_173' title='bbox 2759 2616 2984 2684; x_wconf 89' lang='lat' dir='ltr'><strong>similis</strong></span> 
     </span>
     <span class='ocr_line' id='line_1_22' title="bbox 750 2711 2984 2814; baseline -0.003 -22"><span class='ocrx_word' id='word_1_174' title='bbox 750 2746 1004 2814; x_wconf 89' lang='lat' dir='ltr'><strong>operae</strong></span> <span class='ocrx_word' id='word_1_175' title='bbox 1042 2711 1425 2813; x_wconf 85' lang='lat' dir='ltr'><strong>periculum</strong></span> <span class='ocrx_word' id='word_1_176' title='bbox 1466 2721 1738 2808; x_wconf 82' lang='lat' dir='ltr'><strong>fecerit,</strong></span> <span class='ocrx_word' id='word_1_177' title='bbox 1803 2721 1927 2790; x_wconf 89' lang='lat' dir='ltr'><strong>sed</strong></span> <span class='ocrx_word' id='word_1_178' title='bbox 1975 2722 2088 2789; x_wconf 87' lang='lat' dir='ltr'><strong>vel</strong></span> <span class='ocrx_word' id='word_1_179' title='bbox 2120 2745 2325 2790; x_wconf 90' lang='lat' dir='ltr'><strong>unam</strong></span> <span class='ocrx_word' id='word_1_180' title='bbox 2365 2723 2730 2790; x_wconf 85' lang='lat' dir='ltr'><strong>alteramve</strong></span> <span class='ocrx_word' id='word_1_181' title='bbox 2772 2720 2984 2812; x_wconf 85' lang='lat' dir='ltr'><strong>pagi·</strong></span> 
     </span>
    </p>

    <p class='ocr_par' dir='ltr' id='par_1_4' title="bbox 698 2821 2987 3825">
     <span class='ocr_line' id='line_1_23' title="bbox 698 2821 2983 2916; baseline -0.003 -20"><span class='ocrx_word' id='word_1_182' title='bbox 698 2833 911 2896; x_wconf 82' lang='lat' dir='ltr'><strong>2nam</strong></span> <span class='ocrx_word' id='word_1_183' title='bbox 950 2824 1152 2894; x_wconf 89' lang='lat' dir='ltr'><strong>huius</strong></span> <span class='ocrx_word' id='word_1_184' title='bbox 1194 2825 1354 2892; x_wconf 88' lang='lat' dir='ltr'><strong>novi</strong></span> <span class='ocrx_word' id='word_1_185' title='bbox 1385 2823 1729 2894; x_wconf 86' lang='lat' dir='ltr'><strong>Thesauri</strong></span> <span class='ocrx_word' id='word_1_186' title='bbox 1770 2826 1867 2892; x_wconf 91' lang='lat' dir='ltr'><strong>ita</strong></span> <span class='ocrx_word' id='word_1_187' title='bbox 1915 2827 2424 2916; x_wconf 88' lang='lat' dir='ltr'><strong>pertractaverit</strong></span> <span class='ocrx_word' id='word_1_188' title='bbox 2438 2874 2459 2912; x_wconf 90' lang='lat'><strong>,</strong></span> <span class='ocrx_word' id='word_1_189' title='bbox 2510 2833 2616 2910; x_wconf 87' lang='lat' dir='ltr'><strong>ut,</strong></span> <span class='ocrx_word' id='word_1_190' title='bbox 2667 2847 2845 2912; x_wconf 89' lang='lat' dir='ltr'><strong>quae</strong></span> <span class='ocrx_word' id='word_1_191' title='bbox 2887 2821 2983 2890; x_wconf 89' lang='lat' dir='ltr'><strong>ibi</strong></span> 
     </span>
     <span class='ocr_line' id='line_1_24' title="bbox 749 2926 2987 3021; baseline -0.002 -23"><span class='ocrx_word' id='word_1_192' title='bbox 749 2930 1057 3020; x_wconf 83' lang='lat' dir='ltr'><strong>exposita</strong></span> <span class='ocrx_word' id='word_1_193' title='bbox 1078 2936 1229 2995; x_wconf 88' lang='lat' dir='ltr'><strong>sunt</strong></span> <span class='ocrx_word' id='word_1_194' title='bbox 1244 2976 1266 3013; x_wconf 95' lang='lat'><strong>,</strong></span> <span class='ocrx_word' id='word_1_195' title='bbox 1317 2928 1544 2996; x_wconf 87' lang='lat' dir='ltr'><strong>omnia</strong></span> <span class='ocrx_word' id='word_1_196' title='bbox 1563 2936 1878 3000; x_wconf 85' lang='lat' dir='ltr'><strong>accurate</strong></span> <span class='ocrx_word' id='word_1_197' title='bbox 1902 2928 2404 3021; x_wconf 88' lang='lat' dir='ltr'><strong>pervestigaret.</strong></span> <span class='ocrx_word' id='word_1_198' title='bbox 2505 2929 2599 2996; x_wconf 88' lang='lat' dir='ltr'><strong>Et</strong></span> <span class='ocrx_word' id='word_1_199' title='bbox 2625 2928 2806 2996; x_wconf 90' lang='lat' dir='ltr'><strong>haec</strong></span> <span class='ocrx_word' id='word_1_200' title='bbox 2833 2926 2987 3015; x_wconf 89' lang='lat' dir='ltr'><strong>qui-</strong></span> 
     </span>
     <span class='ocr_line' id='line_1_25' title="bbox 749 3030 2982 3124; baseline -0.002 -23"><span class='ocrx_word' id='word_1_201' title='bbox 749 3032 913 3101; x_wconf 89' lang='lat' dir='ltr'><strong>dem</strong></span> <span class='ocrx_word' id='word_1_202' title='bbox 947 3040 1088 3099; x_wconf 85' lang='lat' dir='ltr'><strong>tam</strong></span> <span class='ocrx_word' id='word_1_203' title='bbox 1117 3031 1457 3099; x_wconf 89' lang='lat' dir='ltr'><strong>laboriosa</strong></span> <span class='ocrx_word' id='word_1_204' title='bbox 1488 3052 1704 3124; x_wconf 89' lang='lat' dir='ltr'><strong>opera</strong></span> <span class='ocrx_word' id='word_1_205' title='bbox 1744 3031 2321 3122; x_wconf 87' lang='lat' dir='ltr'><strong>quemadmodum</strong></span> <span class='ocrx_word' id='word_1_206' title='bbox 2363 3031 2759 3100; x_wconf 87' lang='lat' dir='ltr'><strong>Editoribus</strong></span> <span class='ocrx_word' id='word_1_207' title='bbox 2784 3030 2982 3098; x_wconf 87' lang='lat' dir='ltr'><strong>The-</strong></span> 
     </span>
     <span class='ocr_line' id='line_1_26' title="bbox 749 3135 2984 3227; baseline -0.001 -24"><span class='ocrx_word' id='word_1_208' title='bbox 749 3136 927 3204; x_wconf 85' lang='lat' dir='ltr'><strong>sauri</strong></span> <span class='ocrx_word' id='word_1_209' title='bbox 964 3157 1102 3203; x_wconf 89' lang='lat' dir='ltr'><strong>non</strong></span> <span class='ocrx_word' id='word_1_210' title='bbox 1143 3143 1369 3227; x_wconf 87' lang='lat' dir='ltr'><strong>potest</strong></span> <span class='ocrx_word' id='word_1_211' title='bbox 1401 3156 1540 3202; x_wconf 88' lang='lat' dir='ltr'><strong>non</strong></span> <span class='ocrx_word' id='word_1_212' title='bbox 1584 3159 1885 3208; x_wconf 86' lang='lat' dir='ltr'><strong>summae</strong></span> <span class='ocrx_word' id='word_1_213' title='bbox 1913 3135 2104 3204; x_wconf 90' lang='lat' dir='ltr'><strong>laudi</strong></span> <span class='ocrx_word' id='word_1_214' title='bbox 2142 3158 2316 3220; x_wconf 61' lang='lat' dir='ltr'><strong>osse,</strong></span> <span class='ocrx_word' id='word_1_215' title='bbox 2366 3135 2460 3203; x_wconf 89' lang='lat' dir='ltr'><strong>ita</strong></span> <span class='ocrx_word' id='word_1_216' title='bbox 2486 3135 2680 3203; x_wconf 89' lang='lat' dir='ltr'><strong>nobis</strong></span> <span class='ocrx_word' id='word_1_217' title='bbox 2705 3156 2984 3202; x_wconf 84' lang='lat' dir='ltr'><strong>excusa-</strong></span> 
     </span>
     <span class='ocr_line' id='line_1_27' title="bbox 746 3236 2983 3323; baseline -0.002 -16"><span class='ocrx_word' id='word_1_218' title='bbox 746 3240 917 3307; x_wconf 88' lang='lat' dir='ltr'><strong>tioni</strong></span> <span class='ocrx_word' id='word_1_219' title='bbox 949 3238 1108 3323; x_wconf 88' lang='lat' dir='ltr'><strong>erit,</strong></span> <span class='ocrx_word' id='word_1_220' title='bbox 1158 3238 1213 3304; x_wconf 88' lang='lat' dir='ltr'><strong>si</strong></span> <span class='ocrx_word' id='word_1_221' title='bbox 1255 3237 1326 3304; x_wconf 90' lang='lat' dir='ltr'><strong>in</strong></span> <span class='ocrx_word' id='word_1_222' title='bbox 1368 3239 1693 3306; x_wconf 85' lang='lat' dir='ltr'><strong>sententia</strong></span> <span class='ocrx_word' id='word_1_223' title='bbox 1725 3239 1814 3307; x_wconf 89' lang='lat' dir='ltr'><strong>de</strong></span> <span class='ocrx_word' id='word_1_224' title='bbox 1847 3237 1991 3307; x_wconf 90' lang='lat' dir='ltr'><strong>hoc</strong></span> <span class='ocrx_word' id='word_1_225' title='bbox 2036 3238 2210 3307; x_wconf 88' lang='lat' dir='ltr'><strong>libro</strong></span> <span class='ocrx_word' id='word_1_226' title='bbox 2242 3237 2533 3309; x_wconf 90' lang='lat' dir='ltr'><strong>dicenda</strong></span> <span class='ocrx_word' id='word_1_227' title='bbox 2567 3247 2827 3305; x_wconf 85' lang='lat' dir='ltr'><strong>tantum</strong></span> <span class='ocrx_word' id='word_1_228' title='bbox 2864 3236 2983 3303; x_wconf 86' lang='lat' dir='ltr'><strong>hic</strong></span> 
     </span>
     <span class='ocr_line' id='line_1_28' title="bbox 744 3339 2985 3430; baseline -0.002 -20"><span class='ocrx_word' id='word_1_229' title='bbox 744 3341 889 3413; x_wconf 89' lang='lat' dir='ltr'><strong>illic</strong></span> <span class='ocrx_word' id='word_1_230' title='bbox 933 3339 1193 3430; x_wconf 81' lang='lat' dir='ltr'><strong>aliquid</strong></span> <span class='ocrx_word' id='word_1_231' title='bbox 1239 3339 1709 3409; x_wconf 84' lang='lat' dir='ltr'><strong>delibabimus.</strong></span> <span class='ocrx_word' id='word_1_232' title='bbox 1818 3343 1999 3410; x_wconf 91' lang='lat' dir='ltr'><strong>Nam</strong></span> <span class='ocrx_word' id='word_1_233' title='bbox 2056 3341 2112 3408; x_wconf 87' lang='lat' dir='ltr'><strong>si</strong></span> <span class='ocrx_word' id='word_1_234' title='bbox 2157 3349 2377 3409; x_wconf 88' lang='lat' dir='ltr'><strong>totum</strong></span> <span class='ocrx_word' id='word_1_235' title='bbox 2421 3342 2606 3412; x_wconf 89' lang='lat' dir='ltr'><strong>hunc</strong></span> <span class='ocrx_word' id='word_1_236' title='bbox 2649 3339 2985 3410; x_wconf 86' lang='lat' dir='ltr'><strong>Thesauri</strong></span> 
     </span>
     <span class='ocr_line' id='line_1_29' title="bbox 745 3442 2985 3536; baseline -0.003 -21"><span class='ocrx_word' id='word_1_237' title='bbox 745 3444 1147 3518; x_wconf 82' lang='lat' dir='ltr'><strong>fasciculum</strong></span> <span class='ocrx_word' id='word_1_238' title='bbox 1187 3443 1336 3536; x_wconf 87' lang='lat' dir='ltr'><strong>pari</strong></span> <span class='ocrx_word' id='word_1_239' title='bbox 1373 3442 1726 3536; x_wconf 85' lang='lat' dir='ltr'><strong>diligentia</strong></span> <span class='ocrx_word' id='word_1_240' title='bbox 1761 3465 2160 3534; x_wconf 85' lang='lat' dir='ltr'><strong>percensere</strong></span> <span class='ocrx_word' id='word_1_241' title='bbox 2201 3445 2564 3530; x_wconf 86' lang='lat' dir='ltr'><strong>vellemus,</strong></span> <span class='ocrx_word' id='word_1_242' title='bbox 2610 3444 2728 3511; x_wconf 90' lang='lat' dir='ltr'><strong>vel</strong></span> <span class='ocrx_word' id='word_1_243' title='bbox 2765 3445 2837 3525; x_wconf 81' lang='lat' dir='ltr'><strong>in</strong></span> <span class='ocrx_word' id='word_1_244' title='bbox 2878 3442 2985 3510; x_wconf 87' lang='lat' dir='ltr'><strong>le-</strong></span> 
     </span>
     <span class='ocr_line' id='line_1_30' title="bbox 745 3546 2984 3642; baseline -0.003 -23"><span class='ocrx_word' id='word_1_245' title='bbox 745 3550 980 3642; x_wconf 87' lang='lat' dir='ltr'><strong>gendo</strong></span> <span class='ocrx_word' id='word_1_246' title='bbox 1055 3570 1144 3636; x_wconf 39' lang='lat' dir='ltr'><strong>eo,</strong></span> <span class='ocrx_word' id='word_1_247' title='bbox 1211 3555 1277 3615; x_wconf 90' lang='lat' dir='ltr'><strong>et</strong></span> <span class='ocrx_word' id='word_1_248' title='bbox 1345 3569 1475 3638; x_wconf 90' lang='lat' dir='ltr'><strong>per</strong></span> <span class='ocrx_word' id='word_1_249' title='bbox 1550 3546 1816 3640; x_wconf 86' lang='lat' dir='ltr'><strong>singula</strong></span> <span class='ocrx_word' id='word_1_250' title='bbox 1881 3546 2370 3617; x_wconf 87' lang='lat' dir='ltr'><strong>considerando</strong></span> <span class='ocrx_word' id='word_1_251' title='bbox 2435 3551 2589 3638; x_wconf 86' lang='lat' dir='ltr'><strong>plus</strong></span> <span class='ocrx_word' id='word_1_252' title='bbox 2636 3547 2984 3637; x_wconf 76' lang='lat' dir='ltr'><strong>temporiS,</strong></span> 
     </span>
     <span class='ocr_line' id='line_1_31' title="bbox 746 3649 2984 3743; baseline -0.001 -22"><span class='ocrx_word' id='word_1_253' title='bbox 746 3677 954 3743; x_wconf 89' lang='lat' dir='ltr'><strong>quam</strong></span> <span class='ocrx_word' id='word_1_254' title='bbox 1016 3651 1107 3721; x_wconf 92' lang='lat' dir='ltr'><strong>ad</strong></span> <span class='ocrx_word' id='word_1_255' title='bbox 1163 3649 1593 3722; x_wconf 85' lang='lat' dir='ltr'><strong>scribendum</strong></span> <span class='ocrx_word' id='word_1_256' title='bbox 1651 3651 1850 3721; x_wconf 84' lang='lat' dir='ltr'><strong>nobis</strong></span> <span class='ocrx_word' id='word_1_257' title='bbox 1908 3674 2299 3722; x_wconf 84' lang='lat' dir='ltr'><strong>concessum</strong></span> <span class='ocrx_word' id='word_1_258' title='bbox 2357 3661 2491 3738; x_wconf 90' lang='lat' dir='ltr'><strong>est,</strong></span> <span class='ocrx_word' id='word_1_259' title='bbox 2581 3672 2984 3722; x_wconf 84' lang='lat' dir='ltr'><strong>consumen-</strong></span> 
     </span>
     <span class='ocr_line' id='line_1_32' title="bbox 745 3756 1160 3825; baseline 0 -3"><span class='ocrx_word' id='word_1_260' title='bbox 745 3756 913 3825; x_wconf 89' lang='lat' dir='ltr'><strong>dum</strong></span> <span class='ocrx_word' id='word_1_261' title='bbox 963 3757 1160 3825; x_wconf 84' lang='lat' dir='ltr'><strong>foret.</strong></span> 
     </span>
    </p>
   </div>
   <div class='ocr_carea' id='block_1_3' title="bbox 745 3917 2986 4570">
    <p class='ocr_par' dir='ltr' id='par_1_5' title="bbox 745 3917 2986 4570">
     <span class='ocr_line' id='line_1_33' title="bbox 950 3917 2985 4051; baseline -0.003 -23"><span class='ocrx_word' id='word_1_262' title='bbox 950 3958 1145 4028; x_wconf 86' lang='lat' dir='ltr'><strong>Duae</strong></span> <span class='ocrx_word' id='word_1_263' title='bbox 1184 3981 1291 4028; x_wconf 86' lang='lat' dir='ltr'><strong>res</strong></span> <span class='ocrx_word' id='word_1_264' title='bbox 1328 3960 1398 4028; x_wconf 89' lang='lat' dir='ltr'><strong>in</strong></span> <span class='ocrx_word' id='word_1_265' title='bbox 1438 3960 1551 4047; x_wconf 83' lang='lat' dir='ltr'><strong>iis,</strong></span> <span class='ocrx_word' id='word_1_266' title='bbox 1620 3983 1799 4051; x_wconf 89' lang='lat' dir='ltr'><strong>quae</strong></span> <span class='ocrx_word' id='word_1_267' title='bbox 1848 3959 1940 4028; x_wconf 89' lang='lat' dir='ltr'><strong>ad</strong></span> <span class='ocrx_word' id='word_1_268' title='bbox 1995 3959 2246 4028; x_wconf 86' lang='lat' dir='ltr'><strong>litteras</strong></span> <span class='ocrx_word' id='word_1_269' title='bbox 2289 3917 2587 4028; x_wconf 80' lang='lat' dir='ltr'><strong>Graecas</strong></span> <span class='ocrx_word' id='word_1_270' title='bbox 2626 3956 2985 4049; x_wconf 88' lang='lat' dir='ltr'><strong>pertinent,</strong></span> 
     </span>
     <span class='ocr_line' id='line_1_34' title="bbox 745 4059 2985 4154; baseline -0.001 -24"><span class='ocrx_word' id='word_1_271' title='bbox 745 4062 959 4154; x_wconf 84' lang='lat' dir='ltr'><strong>longe</strong></span> <span class='ocrx_word' id='word_1_272' title='bbox 1002 4071 1151 4130; x_wconf 89' lang='lat' dir='ltr'><strong>sunt</strong></span> <span class='ocrx_word' id='word_1_273' title='bbox 1196 4063 1640 4133; x_wconf 84' lang='lat' dir='ltr'><strong>difficillimae</strong></span> <span class='ocrx_word' id='word_1_274' title='bbox 1655 4114 1679 4154; x_wconf 87' lang='lat'>‚</span> <span class='ocrx_word' id='word_1_275' title='bbox 1765 4063 2030 4132; x_wconf 79' lang='lat' dir='ltr'><strong>lexicon</strong></span> <span class='ocrx_word' id='word_1_276' title='bbox 2067 4063 2392 4147; x_wconf 88' lang='lat' dir='ltr'><strong>scribere,</strong></span> <span class='ocrx_word' id='word_1_277' title='bbox 2477 4072 2545 4130; x_wconf 89' lang='lat' dir='ltr'><strong>et</strong></span> <span class='ocrx_word' id='word_1_278' title='bbox 2587 4059 2985 4153; x_wconf 84' lang='lat' dir='ltr'><strong>grammati-</strong></span> 
     </span>
     <span class='ocr_line' id='line_1_35' title="bbox 749 4162 2984 4257; baseline -0.004 -20"><span class='ocrx_word' id='word_1_279' title='bbox 749 4173 923 4237; x_wconf 79' lang='lat' dir='ltr'><strong>cam.</strong></span> <span class='ocrx_word' id='word_1_280' title='bbox 1026 4163 1228 4233; x_wconf 89' lang='lat' dir='ltr'><strong>Vnde</strong></span> <span class='ocrx_word' id='word_1_281' title='bbox 1264 4165 1341 4232; x_wconf 90' lang='lat' dir='ltr'><strong>id</strong></span> <span class='ocrx_word' id='word_1_282' title='bbox 1384 4189 1469 4236; x_wconf 83' lang='lat' dir='ltr'><strong>ex</strong></span> <span class='ocrx_word' id='word_1_283' title='bbox 1509 4168 1731 4237; x_wconf 86' lang='lat' dir='ltr'><strong>doctis</strong></span> <span class='ocrx_word' id='word_1_284' title='bbox 1778 4167 2163 4235; x_wconf 88' lang='lat' dir='ltr'><strong>hominibus</strong></span> <span class='ocrx_word' id='word_1_285' title='bbox 2201 4166 2528 4257; x_wconf 87' lang='lat' dir='ltr'><strong>perpauci</strong></span> <span class='ocrx_word' id='word_1_286' title='bbox 2568 4165 2799 4235; x_wconf 84' lang='lat' dir='ltr'><strong>facere</strong></span> <span class='ocrx_word' id='word_1_287' title='bbox 2845 4162 2984 4232; x_wconf 86' lang='lat' dir='ltr'><strong>aus‘i</strong></span> 
     </span>
     <span class='ocr_line' id='line_1_36' title="bbox 750 4266 2984 4362; baseline -0.003 -22"><span class='ocrx_word' id='word_1_288' title='bbox 750 4275 936 4359; x_wconf 82' lang='lat' dir='ltr'><strong>sunt3</strong></span> <span class='ocrx_word' id='word_1_289' title='bbox 984 4266 1242 4336; x_wconf 87' lang='lat' dir='ltr'><strong>indocti</strong></span> <span class='ocrx_word' id='word_1_290' title='bbox 1286 4278 1546 4356; x_wconf 87' lang='lat' dir='ltr'><strong>autem,</strong></span> <span class='ocrx_word' id='word_1_291' title='bbox 1596 4272 1860 4362; x_wconf 86' lang='lat' dir='ltr'><strong>quippe</strong></span> <span class='ocrx_word' id='word_1_292' title='bbox 1887 4294 1974 4340; x_wconf 91' lang='lat' dir='ltr'><strong>ne</strong></span> <span class='ocrx_word' id='word_1_293' title='bbox 2016 4270 2361 4362; x_wconf 84' lang='lat' dir='ltr'><strong>cognitam</strong></span> <span class='ocrx_word' id='word_1_294' title='bbox 2405 4267 2682 4358; x_wconf 89' lang='lat' dir='ltr'><strong>quidem</strong></span> <span class='ocrx_word' id='word_1_295' title='bbox 2707 4268 2810 4335; x_wconf 90' lang='lat' dir='ltr'><strong>rei</strong></span> <span class='ocrx_word' id='word_1_296' title='bbox 2837 4289 2984 4335; x_wconf 90' lang='lat' dir='ltr'><strong>ma·-</strong></span> 
     </span>
     <span class='ocr_line' id='line_1_37' title="bbox 748 4368 2986 4465; baseline -0.002 -25"><span class='ocrx_word' id='word_1_297' title='bbox 748 4371 1173 4465; x_wconf 83' lang='lat' dir='ltr'><strong>gnitudinem</strong></span> <span class='ocrx_word' id='word_1_298' title='bbox 1207 4368 1533 4441; x_wconf 85' lang='lat' dir='ltr'><strong>habentes</strong></span> <span class='ocrx_word' id='word_1_299' title='bbox 1546 4421 1569 4460; x_wconf 93' lang='lat'><strong>,</strong></span> <span class='ocrx_word' id='word_1_300' title='bbox 1620 4375 1926 4444; x_wconf 80' lang='lat' dir='ltr'><strong>certatim</strong></span> <span class='ocrx_word' id='word_1_301' title='bbox 1970 4373 2219 4445; x_wconf 86' lang='lat' dir='ltr'><strong>fecere.</strong></span> <span class='ocrx_word' id='word_1_302' title='bbox 2321 4372 2416 4441; x_wconf 88' lang='lat' dir='ltr'><strong>Et</strong></span> <span class='ocrx_word' id='word_1_303' title='bbox 2456 4372 2681 4441; x_wconf 84' lang='lat' dir='ltr'><strong>lexica·</strong></span> <span class='ocrx_word' id='word_1_304' title='bbox 2706 4370 2986 4460; x_wconf 89' lang='lat' dir='ltr'><strong>quidem</strong></span> 
     </span>
     <span class='ocr_line' id='line_1_38' title="bbox 752 4473 2985 4570; baseline -0.002 -25"><span class='ocrx_word' id='word_1_305' title='bbox 752 4476 1021 4547; x_wconf 78' lang='lat' dir='ltr'><strong>Graeca</strong></span> <span class='ocrx_word' id='word_1_306' title='bbox 1060 4473 1180 4564; x_wconf 86' lang='lat' dir='ltr'><strong>qui</strong></span> <span class='ocrx_word' id='word_1_307' title='bbox 1221 4482 1382 4568; x_wconf 76' lang='lat' dir='ltr'><strong>post</strong></span> <span class='ocrx_word' id='word_1_308' title='bbox 1432 4474 1860 4570; x_wconf 87' lang='lat' dir='ltr'><strong>Stephanum</strong></span> <span class='ocrx_word' id='word_1_309' title='bbox 1898 4475 2376 4562; x_wconf 88' lang='lat' dir='ltr'><strong>condiderunt,</strong></span> <span class='ocrx_word' id='word_1_310' title='bbox 2443 4497 2679 4544; x_wconf 88' lang='lat' dir='ltr'><strong>eorum</strong></span> <span class='ocrx_word' id='word_1_311' title='bbox 2725 4482 2985 4543; x_wconf 87' lang='lat' dir='ltr'><strong>tantum</strong></span> 
     </span>
    </p>
   </div>
   <div class='ocr_carea' id='block_1_4' title="bbox 3268 1472 3270 2285">
    <p class='ocr_par' dir='ltr' id='par_1_6' title="bbox 3268 1472 3270 2285">
     <span class='ocr_line' id='line_1_39' title="bbox 3268 1472 3270 2285; baseline 0 0"><span class='ocrx_word' id='word_1_312' title='bbox 3268 1472 3270 2285; x_wconf 95' lang='lat' dir='ltr'><strong> </strong></span> 
     </span>
    </p>
   </div>
   <div class='ocr_carea' id='block_1_5' title="bbox 3267 3074 3271 5276">
    <p class='ocr_par' dir='ltr' id='par_1_7' title="bbox 3267 3074 3271 5276">
     <span class='ocr_line' id='line_1_40' title="bbox 3267 3074 3271 5276; baseline 0 0"><span class='ocrx_word' id='word_1_313' title='bbox 3267 3074 3271 5276; x_wconf 95' lang='lat' dir='ltr'><strong> </strong></span> 
     </span>
    </p>
   </div>
  </div>
 </body>
</html>
