3325 5317
1090 438 1097 444 ’
1153 482 1831 547 υιεεΕιιΤΑΤιο.
2119 482 2130 493 ·
2481 488 2609 552 281

365 665 550 730 reete
589 665 706 726 ant
741 657 922 726 male
968 656 1212 727 fecerit
1226 705 1247 743 ,
1299 655 1420 728 sed
1468 654 1559 726 de
1606 677 1692 726 eo
1705 706 1726 744 ,
1778 657 1969 747 quod
2004 657 2361 728 Terentius
2407 659 2611 731 fabu-

366 764 506 831 lam
564 761 852 830 ediderit
916 783 1056 829 non
1111 783 1392 846 novam,
1460 759 1585 829 sed
1637 769 1935 830 veterem
1954 806 1988 881 ,-
2043 760 2181 829 iam
2235 785 2277 829 a
2326 762 2611 847 Naevio,

364 865 500 933 iam
545 888 588 932 a
628 865 878 934 Plauto
916 871 1308 934 tractatam.
1359 886 1536 952 quae
1581 871 1768 932 tanto
1798 865 2074 956 gravior
2108 874 2208 934 est
2234 864 2613 956 reprehen„

364 968 497 1055 sio,
550 968 740 1057 quod
786 990 924 1035 non
963 990 1131 1036 unus
1146 1015 1168 1054 ,
1221 964 1346 1035 sed
1373 968 1653 1059 plures
1632 990 1768 1035 nam
1796 967 1982 1036 idem
2027 979 2498 1062 argumentum
2544 969 2614 1037 in

363 1093 638 1141 scenam
674 1071 1112 1162 protulerant.
1212 1070 1324 1138 Ex
1364 1069 1472 1137 his
1514 1081 1824 1162 apertum
1879 1070 2150 1142 videtur
2199 1095 2342 1143 esse
2359 1120 2382 1158 ‚
2446 1071 2616 1141 nihil

365 1175 491 1244 ista
531 1175 950 1246 correctione
975 1172 1274 1266 potuisse
1301 1173 1630 1244 infelicius
1670 1174 2059 1268 excogitari.
2555 1204 2559 1209 ·

570 1327 793 1438 Versu
824 1322 947 1396 35.
969 1327 1066 1396 ita
1086 1302 1413 1420 scriptum
1441 1325 1783 1398 videmus:

574 1479 769 1574 quod
802 1482 869 1550 si
894 1480 1226 1574 personis
1268 1479 1497 1551 isdem
1536 1482 1641 1552 uti
1683 1482 1849 1551 aliis
1891 1503 2030 1551 non
2076 1480 2277 1569 licet,

572 1585 698 1678 qm·
747 1586 995 1678 magis
1039 1585 1203 1654 licet
1250 1586 1598 1656 currentis
1642 1607 1885 1655 semes
1935 1583 2280 1672 scribere,

573 1686 797 1758 bonas
837 1696 1210 1757 matronae
1226 1687 1496 1781 facere
1509 1737 1530 1774 ‚
1582 1689 1991 1758 meretrices
2038 1690 2299 1774 malas,
2497 1731 2505 1736 -
2616 1689 2705 1752 2⁰

540 1791 973 1883 ‘parasitum
1021 1791 1354 1877 edacem,
1406 1792 1806 1885 gloriosum
1838 1792 2154 1875 militent,
2351 1814 2356 1821 ·

557 1916 872 1987 puerum
901 1895 1239 1987 supponi,
1270 1892 1460 1987 salle·
1489 1917 1636 1988 per
1679 1917 1959 1966 servom
2010 1917 2271 1981 senem,

572 1997 862 2083 amare,
916 1998 1185 2083 odisse,
1237 1993 1649 2090 suspicari?

364 2168 447 2237 In
471 2169 737 2263 optimo
763 2168 944 2238 libro
965 2130 1316 2239 'Bembino
1318 2168 1556 2267 primi
1594 2167 1736 2239 duo
1765 2192 1991 2240 versus
2033 2169 2127 2238 ita
2161 2168 2395 2265 scripti
2431 2179 2616 2241 sunt:

570 2339 763 2432 qaod
803 2340 867 2412 si
899 2362 1232 2445 personas
1271 2340 1526 2411 iisdem
1572 2340 1741 2411 huic
1775 2342 1882 2412 uti
1924 2363 2062 2410 non
2095 2340 2282 2427 licet,

571 2444 695 2536 qui
732 2447 980 2540 magis
1033 2446 1205 2515 licet
1245 2444 1647 2515 currentem
1701 2467 1986 2515 smum
2026 2443 2358 2514 scribere.

366 2618 667 2688 Faernus
683 2666 705 2703 ,
772 2617 964 2708 quod
1015 2619 1088 2686 in
1144 2619 1524 2709 posteriore
1571 2640 1766 2688 versu
1817 2625 1948 2703 est,
2013 2623 2411 2686 currentem
2458 2636 2617 2685 ser-

334 2743 566 2806 vum,
617 2730 1018 2814 argumento
1070 2721 1275 2791 valde
1313 2723 1587 2791 infirmo
1628 2722 2092 2815 amplectitur:
2157 2729 2233 2788 nt
2269 2719 2471 2790 facile
2505 2742 2617 2788 as-

370 2826 734 2894 sentiamur
758 2825 1075 2895 Bentleio
1093 2873 1114 2910 ,
1168 2825 1506 2916 pluralem
1533 2849 1616 2896 ex
1650 2826 1929 2895 caeteris
1954 2824 2173 2911 libris,
2225 2832 2301 2893 ut
2334 2825 2616 2894 concin-

369 2927 653 3013 niorem,
704 2931 1027 3013 servanti,
1077 2929 1243 3006 licet
1278 2930 1538 2999 nonita
1575 2952 1731 2999 eum
1759 2939 2089 3014 tueamur,
2140 2936 2217 2996 ut
2241 2949 2381 2997 non
2409 2928 2615 2996 etiam

368 3032 779 3124 singularem
823 3031 944 3099 illa
978 3032 1034 3102 si
1076 3055 1218 3101 non
1236 3060 1243 3067 ·
1264 3043 1496 3126 grata,
1563 3042 1637 3101 at
1672 3043 1856 3104 certe
1898 3056 1987 3101 ne
2032 3033 2299 3126 ingrata
2336 3031 2616 3120 quidem

368 3134 640 3207 licentia
670 3134 952 3204 defendi
980 3158 1182 3227 posse
1211 3139 1681 3207 existimemus.
1781 3136 1863 3204 In
1890 3136 2121 3230 priore
2154 3143 2380 3206 autem
2421 3155 2618 3206 versu

371 3240 712 3325 FaernuS,
778 3249 930 3308 utra
975 3241 1223 3309 melior
1269 3242 1474 3310 lectio
1520 3250 1720 3327 esset,
1790 3262 1929 3310 non
1967 3240 2263 3309 audebat
2302 3248 2615 3309 statuere.

368 3342 718 3413 Bentleius
752 3364 950 3428 vero,
1000 3345 1236 3433 „atqui
1253 3349 1320 3430 ,“
1364 3344 1614 3434 inquit,
1668 3392 1713 3434 „
1729 3343 1934 3415 facile
1977 3352 2142 3429 erat,
2191 3352 2342 3411 utra
2372 3343 2619 3412 melior

369 3494 416 3534 „
428 3454 643 3535 esset,
695 3444 1029 3515 statueres
1107 3450 1329 3519 Recte
1365 3449 1565 3535 aliis,
1615 3449 1776 3538 quia
1817 3448 2015 3519 multi
2046 3457 2193 3516 tum
2235 3469 2369 3514 una
2407 3446 2615 3519 flore-

371 3549 600 3636 „bant
641 3558 924 3640 poetae:
973 3572 1110 3619 non
1148 3551 1349 3639 huic,
1401 3551 1591 3642 quasi
1639 3552 1759 3622 hic
1799 3553 1982 3620 solus
2028 3561 2196 3619 tum.
2219 3548 2618 3618 scriberet.“

368 3654 510 3724 Hic
566 3653 792 3743 primo
833 3653 1057 3745 ipsum
1099 3664 1571 3748 argumentum
1607 3656 2065 3747 vituperamus
2081 3699 2103 3740 ‚
2189 3651 2351 3741 quia
2387 3650 2619 3721 debile

371 3766 503 3838 est;
568 3756 850 3842 deinde,
922 3757 1115 3849 quod
1155 3781 1308 3827 usus
1350 3768 1455 3828 est
1509 3780 1595 3827 eo
1652 3766 2057 3850 argumento
2074 3804 2096 3842 ,
2165 3777 2377 3845 quum
2425 3751 2617 3823 aliud

370 3860 636 3929 adesset
662 3859 923 3929 melius.
1025 3862 1136 3931 Ac
1173 3861 1403 3931 debile
1445 3870 1575 3948 est,
1628 3861 1787 3951 quia
1816 3861 1935 3952 qui
1979 3859 2070 3928 de
2107 3881 2243 3928 uno
2292 3859 2616 3950 loquitur,

368 3963 490 4032 ubi
530 3986 671 4031 non
708 3986 882 4058 opus
928 3973 1029 4034 est
1078 3965 1169 4033 de
1212 3965 1353 4033 aliis
1402 3964 1571 4052 dici,
1637 3985 1777 4033 non
1820 3963 2123 4035 excludit
2161 3985 2298 4034 eos.
2400 3962 2617 4053 Atqui

365 4067 726 4137 Terentius
769 4067 1217 4159 reprehensus
1269 4068 1492 4137 fuerat
1508 4119 1529 4156 ,
1599 4090 1738 4136 non
1787 4069 1973 4137 alius.
2009 4082 2018 4097 “
2087 4066 2330 4157 Itaque
2379 4065 2619 4157 quidni

366 4170 778 4262 interroget,
838 4191 960 4240 cur
1001 4172 1130 4240 sibi
1171 4169 1247 4238 id
1285 4194 1424 4240 non
1464 4171 1717 4242 liceat?
1776 4171 1922 4242 Sed
1952 4172 2238 4241 meliore
2266 4171 2620 4241 Bentleius

368 4283 771 4368 argumento
803 4274 903 4342 nti
936 4282 1226 4366 poterat.
1328 4276 1507 4343 Nam
1532 4284 1877 4368 repugnat
1915 4275 2427 4367 quodammodo
2474 4273 2618 4343 hoc

368 4400 752 4470 pronomen
804 4377 972 4448 huic
1019 4377 1450 4466 sequentibus
1469 4428 1490 4466 ,
1577 4401 1754 4469 quae
1796 4403 2010 4471 quum
2051 4388 2288 4471 aperte
2341 4400 2480 4447 non
2520 4376 2615 4446 ‹le
2685 4460 2690 4469 ,

359 4503 508 4553 ·ιιιιο
544 4483 675 4557 sint
689 4532 712 4572 ‚
763 4482 886 4559 sed
913 4481 1004 4558 de
1030 4483 1339 4556 omnibus
1367 4482 1833 4580 intelligenda,
1881 4483 2285 4582 pronomine
2316 4482 2445 4553 isto
2472 4502 2614 4574 po-
2690 4548 2695 4554 .
2823 4580 2842 4599 .
