3325 5317
763 439 897 504 m
977 435 1080 499 DE
1118 437 1195 497 R.
1233 434 1621 499 BENTLEIO
1655 433 1998 512 EIVSQVE
2033 434 2407 499 EDITIONE
2447 436 2815 501 TERENTH

765 633 902 680 uon
931 632 1063 702 per
1096 634 1168 680 se
1212 632 1357 679 esse
1382 607 1850 702 intelligenda,
1901 609 2026 679 sed
2071 609 2442 680 cohaerere
2474 633 2634 682 cum
2658 610 2789 696 his,
2839 635 3017 702 quae

764 723 1132 806 sequuntur
1147 762 1169 800 ,
1219 736 1561 803 unamque
1603 737 1762 784 cum
1800 715 1879 782 iis
1917 715 2309 782 sententiam
2355 715 2630 785 efficere
2647 763 2668 801 ,
2719 723 2796 782 ut
2839 716 3018 784 date

764 840 1096 913 operam,
1164 818 1480 887 animum
1545 817 1894 888 attendite
1956 841 2148 886 sensu
2219 818 2407 887 idem
2466 819 2581 903 sit,
2652 839 2771 904 ac,
2857 818 3016 887 date

764 944 1082 1016 operam,
1166 931 1241 989 ut
1290 919 1643 990 attendatis
1704 924 2021 990 animum.
2137 921 2243 990 Ita
2301 922 2372 990 in
2427 922 2731 1017 prologo
2785 921 3017 991 Phor-

761 1026 1004 1095 mionis
1043 1048 1107 1100 v,
1140 1024 1262 1093 3⁰.

1024 1193 1201 1264 date
1226 1214 1556 1289 operam,
1609 1194 1861 1264 adeste
1888 1214 2116 1286 aequo
2151 1192 2388 1262 animo
2420 1215 2561 1288 per
2590 1195 2963 1267 silentium.

767 1386 846 1454 In
888 1384 1230 1457 Eunucho
1279 1383 1370 1453 11.
1412 1382 1461 1453 2
1481 1431 1501 1471 ,
1553 1377 1678 1451 5⁰.

1287 1562 1439 1625 tum
1479 1561 1557 1624 tu
1590 1553 1823 1646 igitur
1859 1552 2241 1646 paululum
2276 1551 2381 1620 da
2418 1552 2520 1622 mi
2550 1572 2838 1644 operae,
2869 1549 3017 1645 fae

2211 1663 2290 1723 ut
2332 1655 2685 1725 admittar

1027 1759 1134 1829 ad
1194 1760 1423 1834 illam.

767 1915 864 1985 Et
899 1913 1199 2007 apertius
1243 1911 1335 1981 ιι.
1387 1911 1473 1999 a,
1525 1909 1647 1980 τι.

1748 2061 2047 2159 faciam
2102 2063 2387 2150 sedulo,
2456 2088 2550 2135 ac

1025 2169 1219 2241 dabo
1263 2192 1597 2265 operam,
1669 2164 2049 2236 adiuvabo.

768 2363 965 2448 Quae
1009 2359 1108 2430 ibi
1155 2360 1458 2427 omnium
1497 2367 1593 2428 est
1633 2356 1964 2426 librorum
2010 2354 2355 2448 scriptura.
2415 2356 2422 2363 ’
2459 2355 2601 2425 Sed
2648 2355 3017 2444 Bentleius,

766 2468 888 2557 qui
929 2464 1021 2533 ad
1078 2463 1264 2534 hunc
1305 2486 1500 2531 usum
1557 2485 1697 2529 non
1742 2460 2165 2544 attendisset,
2219 2468 2293 2528 ut
2333 2482 2465 2551 per
2508 2460 2832 2550 asyndeta
2873 2463 3018 2530 for-

764 2571 894 2639 tius
941 2568 1284 2638 incederet
1343 2567 1597 2651 oratio,
1665 2588 1749 2634 ex
1799 2565 2184 2634 coniectura
2223 2563 2485 2657 posuit:
2544 2563 2837 2658 faciam
2904 2586 3017 2634 se·-

769 2673 980 2758 dulo,
1050 2671 1244 2741 dabo
1297 2690 1627 2766 operam,
1696 2667 2062 2737 adiutabo.
2939 2692 2944 2696 ·

972 2876 1241 2946 Videtis
1259 2929 1278 2965 ,
1332 2872 1694 2945 Candidati
1736 2872 2234 2958 humanissimi,
2284 2878 2490 2962 quam
2529 2874 2743 2942 multa
2783 2873 2914 2940 sint
2953 2873 3021 2940 in
3111 2906 3116 2909 v

772 2980 1067 3049 Bentleii
1109 2980 1404 3048 editione
1447 2979 1788 3098 Terentii,
1857 3002 2032 3069 quae
2079 2977 2477 3048 confirment
2514 2986 2813 3045 nostrum
2849 2976 3020 3046 illud

775 3084 868 3151 de
918 3108 1035 3168 ea,
1100 3082 1291 3173 quod
1333 3107 1538 3175 supra
1585 3083 1967 3174 posuimu8‚
2031 3081 2373 3151 iudicium.
2476 3081 2845 3149 Attulimus
2896 3104 3021 3148 au-

768 3197 912 3253 tem
964 3185 1144 3254 haec
1188 3207 1272 3253 eo
1321 3186 1494 3269 fine,
1547 3195 1660 3270 ut,
1727 3186 1784 3254 si
1822 3206 2025 3254 nemo
2078 3195 2210 3269 est,
2263 3207 2468 3274 quem
2506 3185 2621 3269 iis,
2671 3185 2790 3273 qui
2838 3191 3023 3252 recte

772 3288 1176 3377 antiquitatis
1214 3286 1439 3355 studia
1478 3297 1770 3356 tractare
1816 3289 2083 3376 volunt,
2135 3288 2384 3380 magis
2399 3297 2748 3376 tamquam
2792 3308 3024 3356 exem-

769 3393 1006 3485 plum,
1061 3390 1250 3481 quod
1290 3390 1534 3457 imitari
1578 3390 1911 3477 debeant,
1975 3392 2275 3482 proponi
2311 3412 2512 3482 posse
2531 3384 3018 3479 existimamus,

769 3507 995 3566 tamen
1024 3495 1224 3566 simul
1266 3516 1381 3562 eos
1421 3514 1849 3569 moneremus
1865 3544 1887 3581 ,
1938 3519 2025 3565 ne
2065 3504 2321 3565 temere
2351 3495 2515 3564 tanti
2557 3495 2681 3563 viri
2725 3495 3020 3563 auctori-

771 3610 982 3669 tatem
1028 3599 1294 3690 sequuti
1336 3599 1407 3665 in
1449 3620 1567 3667 eos
1616 3620 1875 3666 errores
1912 3598 2317 3683 inciderent,
2369 3597 2461 3665 ad
2499 3621 2671 3688 quos
2716 3598 3023 3666 vitandos

768 3703 978 3793 idem,
1031 3705 1084 3772 si
1113 3704 1261 3794 quis
1293 3724 1450 3769 eum
1476 3711 1661 3770 recte
1694 3710 1761 3769 et
1798 3726 1956 3772 cum
1987 3704 2159 3770 iusta
2193 3702 2501 3770 libertate
2539 3701 2773 3771 iudicii
2798 3702 3020 3769 imite-

768 3816 920 3891 tur,
973 3808 1266 3898 optimus
1307 3828 1446 3875 esse
1479 3815 1548 3873 et
1578 3806 1989 3875 certissimus
2024 3806 2163 3874 dux
2192 3805 2585 3897 reperiatur.
2688 3803 2775 3872 Id
2801 3806 3025 3898 -igitur

771 3915 850 3976 ut
893 3908 1150 3978 faciatis
1164 3959 1184 3995 ,
1236 3926 1595 4009 speramus
1615 3931 1736 3977 vos
1768 3931 2050 4001 operam
2077 3909 2409 3977 daturum.
2514 3908 2663 3976 lam
2701 3930 2870 3977 vero
2905 3929 3023 3978 ac·-

774 4009 981 4099 cipite
1010 4012 1215 4101 illud,
1267 4005 1458 4101 quod
1500 4013 1696 4081 nobis
1736 4012 1918 4084 hanc
1967 4002 2304 4084 scribendi
2349 4012 2777 4082 occasionem
2817 4034 3023 4104 prae-

634 4140 640 4146 ·
773 4112 941 4182 buit.
1046 4114 1402 4183 Constituit
1445 4117 1623 4185 enim
1653 4115 1851 4186 Ordo
1895 4115 2481 4208 Philosophorum
2499 4164 2520 4203 ,
2575 4125 2648 4185 ut
2688 4116 2808 4205 qui
2849 4115 3020 4184 anti-

773 4237 916 4308 quo
985 4216 1120 4285 ritu
1180 4220 1448 4286 Artium
1527 4221 1907 4290 liberalium
1983 4220 2301 4312 Magistri
2372 4242 2456 4292 ao
2526 4219 3024 4311 Philosophiae
3131 4236 3136 4247 “

771 4320 1111 4391 Doctores
1148 4321 1361 4389 creari
1395 4333 1754 4414 cuperent,
1809 4324 1924 4394 die
1957 4325 2142 4394 xvl.
2183 4324 2474 4392 Ianuarii
2500 4323 2593 4392 ad
2621 4324 3034 4419 sollemnem·

772 4425 1173 4520 petitionem
1216 4423 1286 4531 in
1330 4427 1635 4496 conclavi
1671 4438 1902 4497 nostro
1955 4428 2419 4516 convenirent,
2486 4437 2564 4499 ut
2612 4426 2890 4498 admissi
2931 4420 3020 4494 ad
