3325 5317
686 428 773 490 44
854 425 975 485 DE
1029 413 1441 486 LEGIBV'S
1501 424 2071 499 QVIBVSDAM
2129 424 2861 486 SVBTILIORIBVS

683 597 886 689 posui
915 592 1173 695 ἑστήκῃ
1207 620 1338 689 pro
1365 593 1687 694 ἑστήκει,
1740 598 1931 687 quod
1970 600 2026 666 si
2075 599 2387 688 praesens
2413 598 2599 667 verbi
2647 592 2920 694 ἑστήκω

686 713 895 784 esset,
947 700 1113 768 ferri
1139 711 1396 793 possetz
1447 701 1568 771 sed
1610 725 1744 769 non
1775 711 1876 769 est
1906 702 2031 769 ita:
2080 724 2289 789 quare
2324 702 2392 768 in
2424 702 2917 770 coniunctivum

685 815 981 873 mutetur
1024 828 1298 875 necesse
1349 814 1465 875 est.
1610 805 1997 873 Fortuitum
2077 805 2259 871 enim
2325 814 2458 889 est,
2521 805 2719 872 statui
2799 826 2924 873 co-

682 909 1003 976 lumnam.
1106 910 1226 979 Sic
1259 910 1460 977 etiam
1496 907 1637 978 od.
1677 936 1742 999 χ.
1790 906 1966 976 468.
2024 907 2491 992 scribendum,
2543 905 2635 987 ὦς
2681 903 2753 980 δ’
2797 902 2922 978 ὅτ

684 1011 779 1084 ἄν
820 1010 868 1107 ἢ
913 1011 1149 1102 κίχλαι
1200 1011 1752 1108 τανυσίπτεροι,
1805 1008 1889 1110 ἠὲ
1920 1013 2198 1084 πέλειαι
2246 1015 2439 1106 ἕρκει
2470 1003 2920 1129 ἐνιπλήξωσι,

682 1109 776 1187 τό
811 1111 898 1187 θ’
937 1109 1196 1212 ἑστήκῃ
1226 1115 1330 1189 ἐνι
1360 1109 1662 1209 θάμνῳ.
1713 1117 1835 1184 ubi
1879 1116 2061 1184 bona
2085 1115 2414 1233 lectione,
2464 1136 2669 1203 quam
2699 1113 2924 1203 prima

681 1239 918 1286 manus
961 1218 1033 1285 in
1073 1220 1229 1288 cod.
1281 1219 1477 1288 Harl.
1531 1213 1903 1304 offerebat,
1954 1218 2051 1287 uti
2090 1218 2388 1287 nesciens
2432 1219 2769 1286 Porsonus
2785 1264 2806 1302 ,
2855 1216 2927 1284 in

681 1343 1009 1413 magnum
1065 1345 1365 1392 errorem
1403 1322 1658 1392 incidit.
1770 1322 2177 1411 Eodemque
2220 1320 2434 1389 modo
2492 1322 2575 1389 11.
2626 1324 2688 1393 ὃ.
2744 1317 2923 1387 482.

684 1419 1004 1519 αἰγειρός
1036 1453 1161 1507 ως,
1233 1424 1282 1523 ἤ
1321 1420 1420 1525 ρὀί
1460 1422 1524 1518 τ’
1571 1430 1650 1499 ἐν
1701 1426 2003 1522 εἱαμενῇ
2032 1429 2223 1505 ἔλεος
2249 1418 2602 1517 μεγάλοιο
2640 1415 2924 1518 πεφύκῃ

683 1529 1153 1614 scribendum,
1222 1552 1362 1596 non
1405 1522 1729 1624 πεφύκει.
1847 1527 2244 1619 Imperfeoti
2305 1527 2517 1613 enim,
2596 1526 2924 1616 quodque
3005 1535 3030 1568 ⁹

683 1630 932 1699 eodem
961 1632 1174 1719 redit,
1217 1633 1873 1753 plusquamperfecti
1914 1655 2067 1702 usus
2106 1633 2178 1700 in
2212 1630 2458 1699 talibus
2514 1631 2683 1700 locis
2713 1630 2924 1721 plane

683 1745 1141 1804 monstruosus
1194 1737 1408 1822 foret,
1461 1738 1722 1830 quippe
1767 1758 1908 1824 qno
1958 1746 2144 1805 certa
2198 1734 2546 1825 praeteriti
2596 1733 2924 1824 temporis

681 1861 843 1929 pars
891 1838 1379 1931 designaretur.
1483 1841 1694 1925 Quod
1745 1840 1926 1932 fugit
1966 1836 2451 1908 Thierschium
2490 1839 2607 1926 qui
2643 1839 2715 1905 in
2771 1837 2924 1925 epi-

682 1952 903 2009 metro
955 1966 1031 2033 p.
1079 1942 1251 2011 216.
1289 1945 1359 2012 in
1398 1942 1506 2012 his
1549 1944 1633 2013 ll.
1674 1948 1739 2017 λ.
1783 1942 1958 2012 474.
2012 1941 2172 2023 ωςεί
2217 1969 2303 2014 τε
2347 1940 2688 2035 δαφοινοὶ
2735 1940 2929 2019 θῶες

627 2042 985 2163 Ίόρεςᾳιν
1038 2042 1236 2139 ἄμφ’
1290 2050 1564 2141 ἔλαφον
1610 2073 1882 2171 κεραον
1939 2046 2425 2169 βεβλημένον,
2478 2043 2566 2116 ὅν
2605 2041 2686 2116 τ’
2728 2038 2925 2135 ἔβαλ

678 2140 867 2242 οἷνηρ
895 2147 1007 2243 ἰῷ
1018 2143 1170 2222 οἷπο
1199 2150 1483 2245 νευρῆς·
1534 2144 1673 2224 τόν
1716 2151 1855 2243 μέν
1891 2178 1937 2223 τ
1946 2147 2201 2245 ’ἤλυξε
2233 2142 2579 2221 πόδεσσιν
2610 2139 2920 2240 φεύγων,

680 2247 830 2371 ὄφθ
928 2249 1118 2345 αἷμα
1182 2247 1487 2349 λιαρόν,
1580 2252 1703 2326 καὶ
1760 2247 2036 2347 γούνατ
2123 2245 2404 2347 ὀρώρῃ,
2439 2251 2682 2321 scribi
2736 2249 2927 2317 iubet

675 2345 965 2447 ὀρώρει.
1068 2356 1341 2448 Nempe
1371 2357 1809 2448 praeteritum
1839 2355 2279 2449 praecessisse
2312 2354 2511 2439 dicit,
2561 2352 2747 2420 unde
2787 2373 2926 2419 non

673 2478 818 2523 aese
845 2457 1273 2529 coniunctivo
1305 2461 1555 2529 locum.
1657 2461 1850 2529 Itane
1872 2460 2086 2530 vero?
2134 2459 2393 2544 Immo,
2443 2466 2520 2526 nt
2550 2478 2756 2547 supra
2790 2456 2927 2523 ob—

672 2571 1011 2627 servatum
1057 2570 1189 2646 est,
1271 2563 1341 2629 in
1385 2566 2003 2656 comparationibus
2057 2564 2308 2650 ubique
2363 2561 2805 2651 praeteritum
2854 2566 2926 2627 et

669 2683 988 2752 praesens
1027 2666 1580 2752 commiscentur,
1631 2668 1841 2756 idque
1884 2667 1954 2735 in
1969 2666 2222 2787 ‘primis
2260 2666 2330 2732 in
2378 2665 2516 2732 fine
2559 2661 2924 2731 indicando

670 2764 903 2831 locum
965 2763 1199 2833 habet.
1303 2767 1422 2836 Sic
1473 2769 1553 2836 11.
1610 2773 1673 2842 ὃ.
1727 2766 1901 2838 485.
1966 2771 2037 2837 in
2087 2769 2368 2853 eadem,
2434 2769 2623 2836 cuius
2683 2765 2925 2858 paullo

668 2875 829 2933 ante
876 2869 1130 2936 mentio
1182 2868 1368 2937 facta
1417 2880 1554 2958 est,
1607 2874 2152 2964 comparatione,
2203 2898 2340 2968 την
2368 2872 2507 2964 μέν
2554 2865 2642 2943 θ’
2684 2896 2927 2993 αρμα-

666 2995 986 3065 τοπηγος
1018 2964 1205 3066 α’νηρ
1248 2974 1523 3046 αἴθωνι
1554 2971 1824 3073 σιδήρῳ
1857 2971 2150 3070 ἑξέταμ
2151 3026 2173 3063 ,
2211 2973 2428 3071 ὄφρα
2460 2976 2625 3045 ἴτυν
2663 2966 2924 3067 καμψῃ

665 3074 1092 3165 περικαλλεί
1148 3073 1402 3169 δίφρω.
1510 3105 1567 3150 ε.
1611 3074 1787 3146 522.
1846 3083 2226 3177 νεφέλῃσιν
2290 3070 2647 3156 ἐοικότες..
2673 3072 2825 3160 ,ἅςξ
2842 3101 2926 3147 τε

662 3173 1011 3268 Κρονίων
1074 3177 1414 3274 νηνεμίης
1472 3180 1775 3276 ἔστησεν
1855 3181 1975 3254 ἐπ
2043 3175 2563 3309 ‹inpono'iocow
2635 3176 2928 3274 ὄρεσσιν

662 3270 1034 3406 ἀτρέμας,
1089 3278 1239 3374 ὅφρ
1320 3278 1570 3378 ευδησι
1610 3285 1833 3373 με’νος
1856 3288 2153 3383 Βορέαο
2182 3283 2306 3357 καὶ
2332 3281 2568 3355 ἄλλων
2601 3279 2927 3377 ζαχρηῶν

658 3375 843 3469 οἷνέμ
852 3406 969 3452 ων.
1078 3356 1485 3472 optativum
1534 3385 1633 3453 ibi
1685 3395 1945 3456 tantum
2005 3390 2149 3459 hoc
2213 3409 2431 3480 genus
2483 3382 2929 3453 constructio-

653 3504 820 3548 num
868 3483 937 3550 in
991 3487 1616 3576 comparationibus
1668 3487 1909 3576 habet,
1957 3493 2078 3561 ubi
2129 3493 2219 3560 de
2269 3513 2346 3559 re
2396 3511 2483 3558 eo
2535 3488 2671 3555 fine
2699 3508 2931 3556 susce—

650 3593 807 3675 pta,
871 3595 946 3655 nt
996 3589 1167 3680 quid
1213 3592 1431 3681 possit
1481 3590 1668 3675 fieri,
1739 3593 1985 3683 agitur.
2086 3597 2169 3663 11.
2225 3619 2290 3665 σ.
2343 3591 2518 3659 321.
2586 3590 2676 3658 de
2726 3591 2933 3660 leone

648 3695 922 3776 ereptos
992 3694 1252 3763 catulos
1317 3703 1736 3786 quaerente.
1817 3691 2055 3768 πολλα
2114 3698 2199 3770 δέ
2259 3690 2338 3768 τ’
2396 3689 2597 3787 ἄγκε’
2653 3693 2933 3788 ἐπῆλθε

641 3786 822 3879 μετ’
871 3788 1125 3890 α’νέρος
1170 3796 1357 3888 ἴχνι’
1397 3798 1782 3900 ἐρευνῶν,
1839 3800 1913 3874 εἴ
1948 3807 2196 3871 ποθεν
2231 3791 2527 3892 ἐξευροι.
2632 3797 2727 3865 Et
2774 3805 2934 3887 post.

637 3911 960 3979 praesens
981 3944 1002 3979 ‚
1081 3910 1156 3967 nt
1204 3904 1481 3991 quidem
1524 3904 1867 3980 rhetores
1881 3955 1903 3995 ‚
1971 3902 2338 3990 Dionysius
2383 3901 2936 3973 Halicarnassen-

636 3992 721 4060 sis
764 4004 831 4061 et
878 3996 1389 4096 Hermogenes,
1439 4012 1851 4107 legebant,
1902 4010 1996 4083 Il.
2054 4033 2144 4100 μ.
2177 4003 2344 4073 434.
2398 4003 2458 4098 ἥ
2477 4034 2558 4080 τε
2587 3996 2934 4097 σταθμσν

629 4095 896 4182 ἔχουσα
941 4103 1063 4173 καί
1112 4109 1375 4226 εἴριον,
1429 4110 1721 4212 α’μφὶς
1780 4123 2083 4204 ἀνέλκει
2140 4099 2462 4192 ἰσαζουσῖ.
2513 4119 2631 4183 ἵνα
2681 4106 2935 4180 παισὶν

624 4191 870 4271 αἐικεά
900 4201 1181 4293 μισθον
1210 4210 1506 4309 ἄροιτο,
1560 4235 1854 4310 neseio
1907 4244 2010 4297 an
2060 4219 2275 4281 recte.
2364 4211 2502 4280 Sed
2557 4235 2639 4280 ex
2694 4211 2936 4279 eadem

622 4300 1078 4376 observatione
1129 4328 1447 4407 apparet,
1505 4347 1795 4416 recte
1838 4334 2177 4414 monem
2230 4309 2358 4379 Od
2406 4342 2456 4386 ε.
2503 4313 2669 4382 488
2727 4314 2938 4406 legis-

502 4525 507 4534 .
610 4422 725 4469 se.
808 4431 897 4488 ως
963 4406 1039 4483 δ’
1101 4412 1228 4492 ὅτε
1294 4449 1405 4507 τις
1461 4430 1836 4532 δαλον
1880 4415 2174 4518 σποδιῇ
2260 4414 2559 4512 ἐνέκρυψε
2624 4418 2938 4515 μελαίνῃ,
