3325 5317
1129 478 1767 546 nlssER'rATlo
1818 482 1891 601 ll.
2486 491 2618 555 1⁶5

384 651 792 720 Eustratium
861 592 1041 725 male
1113 655 1260 748 legi
1335 654 1636 746 videtur,
1747 652 1862 729 ἐπὶ
1931 653 2040 751 τῷ
2108 652 2258 729 «τῶν
2336 681 2612 750 μυστι-

378 756 522 829 κῶν
606 759 1025 854 περιφέρειν
1087 753 1264 832 vcro?
1337 762 1609 833 δοκεῖνε
1711 781 1922 847 quare
2000 759 2395 855 προφέρειν
2460 783 2611 853 ,Ρο-

379 858 498 927 sui.
616 859 684 927 A
733 882 871 948 quo
930 861 1204 931 crimine
1261 884 1475 952 quum
1535 884 1808 954 prorsus
1870 861 2208 928 diversum
2258 862 2342 930 sit
2409 863 2607 951 illud,

376 955 572 1051 quod
603 961 673 1030 in
700 963 1183 1033 Eumenidibus
1220 966 1651 1056 culpabatur,
1705 963 1997 1034 dubitari
2024 963 2295 1056 poterit,
2346 987 2432 1032 an
2462 968 2706 1041 Ae-27

376 1064 653 1155 schylus
687 1068 961 1135 omnino
1000 1077 1287 1161 propter
1314 1069 1726 1138 Eumenides
1761 1089 1898 1137 non
1942 1068 2027 1153 sit
2065 1067 2136 1134 in
2170 1067 2273 1135 ius
2316 1078 2612 1138 vocatus.

377 1167 762 1237 Fatendum
792 1179 890 1239 est
933 1172 1109 1245 enim
1122 1219 1143 1257 ,
1196 1182 1383 1243 certo
1417 1172 1670 1242 indicio
1695 1172 1786 1241 de
1813 1170 1952 1241 hac
1993 1192 2070 1238 re
2109 1191 2246 1238 non
2282 1180 2613 1258 constare,

374 1293 586 1360 quum
604 1320 625 1358 ,
693 1275 811 1362 qui
851 1274 927 1341 id
973 1275 1202 1342 testari
1234 1276 1538 1361 videtur,
1601 1275 1922 1367 Apsines,
1991 1295 2149 1342 eum
2201 1275 2490 1366 suspicio
2531 1276 2614 1342 sit

373 1397 512 1443 non
550 1398 852 1446 caussam
893 1378 963 1446 in
988 1378 1241 1447 iudicio
1280 1377 1648 1467 aliquando
1683 1380 2148 1468 disceptatum,
2197 1376 2323 1444 sed
2352 1379 2612 1448 exerci-

372 1478 638 1546 tationis
682 1500 916 1549 caussa
953 1480 1026 1548 in
1078 1482 1330 1552 scholis
1381 1481 1736 1559 rhetorum
1779 1479 2075 1573 proponi
2111 1479 2376 1548 solitam‘
2413 1501 2609 1551 com-

374 1603 803 1652 memorasse.
909 1585 1342 1675 Quamquam
1384 1609 1466 1653 ea
1509 1609 1614 1654 res
1655 1584 1825 1652 nihil
1862 1581 2150 1675 impedit
2165 1630 2187 1668 ,
2236 1585 2401 1671 quin
2446 1607 2609 1652 vere

372 1674 444 1753 in
472 1686 578 1753 ius
606 1687 836 1754 vocari
863 1689 1163 1778 potuerit
1182 1687 1595 1779 Aeschylus:
1642 1689 1854 1778 idque
1882 1708 2039 1754 sane
2064 1686 2153 1753 ab
2189 1708 2273 1754 eo
2311 1686 2611 1775 aliquam

369 1786 587 1857 habet
613 1789 754 1858 veri
769 1791 1289 1877 similitudinem,
1320 1792 1513 1881 quod
1538 1802 1607 1861 et
1629 1793 1808 1860 vitae
1829 1790 2116 1883 scriptor
2145 1811 2301 1856 eum
2321 1801 2610 1882 propter

366 1899 710 1961 terrorem·
737 1893 956 1963 choro
977 1896 1106 1963 isto
1137 1896 1498 1968 excitatum
1527 1895 1596 1963 in
1610 1896 1915 1966 Siciliam
1940 1893 2329 1983 profectum
2351 1894 2616 1979 scribit,

370 2003 440 2064 et
465 1996 749 2082 Pollux,
799 1997 963 2066 licet
995 1998 1165 2066 falsa
1194 1998 1564 2068 admiscens
1581 2047 1602 2084 ,
1653 2007 1943 2089 propter
1968 1994 2281 2064 eamdem
2306 2014 2608 2065 caussam

367 2097 536 2191 lege
570 2100 661 2168 de
692 2099 911 2170 choro
945 2110 1218 2170 cautum
1250 2124 1391 2169 esse
1414 2101 1641 2169 refert.
1742 2099 2033 2170 Accedit
2081 2096 2172 2166 ad
2211 2097 2390 2169 haec
2430 2099 2610 2190 Epi-

367 2225 685 2294 gramma
714 2202 1009 2271 Diodori
1050 2205 1205 2272 ΧΠ.
1242 2206 1314 2272 in
1353 2204 1678 2273 Brunckii
1708 2202 2050 2273 Analectis
2087 2202 2176 2269 T.
2205 2201 2292 2268 11.
2323 2223 2395 2292 p.
2431 2199 2604 2269 188.

366 2304 561 2393 quod
623 2328 836 2393 quum
891 2316 1167 2398 arguat,
1260 2307 1508 2375 invidia
1563 2304 2074 2376 Atheniensium
2126 2303 2383 2374 factum
2440 2312 2618 2391 es'se,

363 2417 441 2476 ut
473 2406 850 2498 Aeschylus
889 2431 1029 2477 non
1069 2412 1140 2477 ln
1170 2410 1389 2502 patria
1418 2411 1721 2502 sepultus
1759 2412 1872 2497 sit,
1925 2407 2090 2496 quid
2124 2406 2346 2494 aliud,
2398 2430 2607 2496 quam

362 2510 780 2580 Eumenides
818 2511 1295 2604 intelligendas
1339 2515 1788 2602 censebimuS,
1854 2509 2127 2602 quando
2167 2532 2254 2578 eo
2297 2510 2448 2602 ipso
2483 2534 2606 2578 an-

364 2637 455 2683 no
473 2661 496 2701 ,
576 2635 716 2704 quo
773 2613 910 2684 hae
969 2626 1120 2684 sunt
1175 2616 1434 2704 editae,
1500 2626 1920 2709 postremum
1972 2612 2144 2683 illud
2183 2613 2253 2680 in
2303 2614 2606 2684 Siciliam

364 2719 494 2786 iter
549 2727 935 2809 susceptum
992 2710 1145 2788 est?
1241 2715 1389 2788 Nisi
1455 2720 1804 2789 Diodorus
1861 2716 2066 2803 aliam
2124 2726 2441 2805 sequutus
2507 2728 2608 2786 est

361 2821 841 2892 narrationem:
904 2822 1097 2914 quod
1138 2845 1259 2903 cur
1287 2846 1621 2896 sumamus
1638 2872 1659 2912 ,
1725 2825 1914 2895 nulla
1939 2842 2172 2891 caussa
2206 2828 2325 2891 est.
2427 2822 2625 2914 Epir

363 2946 672 3015 gramma
709 2925 852 2996 hoc
892 2936 1027 2996 est:
1914 2946 1927 2961 ⁸

567 3072 937 3170 Αἰσχύλον
984 3077 1114 3177 ἥδε
1161 3081 1351 3174 λέγει
1402 3078 1631 3178 ταφίη
1684 3079 1894 3162 λίθος
1943 3073 2211 3154 ἐνθάδε
2258 3083 2553 3153 κεῖσθαι

721 3176 858 3255 ‘cdv
907 3185 1174 3277 μέγαν,
1231 3181 1491 3281 οἰκὲιής
1533 3179 1700 3280 τῆλ’
1753 3177 1904 3257 tino*
1959 3183 2426 3285 Κεκροπίης,

568 3277 788 3359 levato?
850 3288 930 3358 Γ
921 3287 1048 3361 ελα
1112 3289 1452 3360 Σικελοῖο
1516 3283 1705 3384 παρ’
1769 3284 2028 3362 ὕδατα.
2132 3286 2243 3366 τίς
2320 3278 2603 3383 φθόνος,

2018 3384 2262 3462 dorma·

726 3488 1077 3588 Θησείδας
1137 3484 1443 3584 ἁγαθων
1510 3491 1801 3585 &novoe
1851 3491 2010 3565 αἰὲν
2058 3493 2253 3582 ἔχεις

360 3641 572 3728 Quod
630 3642 685 3711 si
732 3666 871 3731 qua
911 3650 1010 3711 est
1053 3643 1347 3735 suspicio
1363 3692 1385 3729 ,
1449 3651 1745 3739 propter·
1779 3628 2190 3712 Eumenides
2228 3641 2417 3712 diem
2455 3644 2613 3733 Ae<

360 3745 605 3837 schylo
656 3744 913 3816 dictum
958 3769 1136 3830 esse,
1189 3757 1307 3815 aut
1338 3747 1444 3816 bis
1482 3756 1831 3817 accusatus
1863 3770 2004 3815 esse
2045 3745 2422 3816 credendus
2449 3748 2596 3835 erit,

358 3859 476 3919 aut
507 3849 682 3918 illud
698 3898 720 3936 ,
773 3850 865 3917 de
909 3872 1049 3940 quo
1082 3860 1378 3937 constat,
1430 3850 1756 3919 iudicium
1796 3851 1998 3917 etiam
2047 3848 2137 3917 ad
2183 3851 2594 3921 Eumenides

354 3954 701 4043 spectavit.
805 3952 925 4020 Bis
976 3963 1364 4023 accusatum
1416 3976 1592 4039 esse,
1652 3954 1764 4041 ¹ab
1806 3953 1995 4021 nullo
2044 3964 2323 4024 auctore
2376 3955 2593 4025 tradi-

352 4063 501 4125 tum
546 4065 678 4124 est:
743 4078 883 4145 quo
939 4056 1360 4148 probabilius
1414 4056 1683 4126 videtur
1739 4057 2023 4126 alterum
2038 4105 2078 4146 ,·
2123 4059 2195 4128 in
2240 4079 2391 4148 quo
2453 4082 2591 4129 non

350 4158 567 4237 modo
615 4158 789 4229 nihil
847 4168 946 4227 est
999 4159 1190 4249 quod
1255 4168 1632 4253 repugnet,
1717 4159 1841 4229 sed
1898 4162 2123 4230 omnia
2174 4163 2592 4234 consentiunt

351 4262 784 4354 pulcerrime.
881 4264 1064 4332 Nam
1107 4286 1322 4352 quum
1358 4265 1510 4333 fieri
1549 4254 1689 4333 non
1728 4266 2054 4357 potuerit,
2104 4268 2268 4358 quin
2301 4268 2589 4335 insolens

348 4365 468 4435 ille
507 4388 821 4436 numerus
865 4366 1256 4455 Furiarum,
1339 4369 1562 4451 statim
1622 4378 1700 4438 ut
1753 4369 1930 4440 visus
1973 4380 2108 4459 est,
2168 4393 2402 4441 omnes
2457 4369 2586 4437 ad-

356 4478 680 4540 verteret:
752 4470 923 4562 quid
970 4472 1214 4543 mirum
1228 4518 1250 4559 ,
1316 4474 1371 4543 si
1415 4476 1901 4548 obtrectatores
1947 4475 2276 4565 Aeschyli
2290 4481 2323 4559 ,¹
2373 4495 2585 4563 quum
