3325 5317
693 1344 865 1433 DE
936 1343 1439 1434 LEGIBvs
1522 1314 2238 1466 QVIBVSDAM
2332 1339 2942 1435 SVBTILIO-

691 1494 1041 1584 Rmvs
1120 1492 1710 1585 sERMOle
1800 1496 2387 1587 HoMERlcl
2475 1497 2939 1590 mssER-

1301 1645 1683 1737 TATIO
1774 1651 2158 1738 PRIMA
2215 1650 2323 1768 ἢ.

1606 1944 2022 1957 w

643 2205 1110 2311 SHomerum
1152 2238 1732 2330 quemadmodum
1759 2241 2122 2311 facillimus
2158 2249 2256 2310 est
2285 2241 2375 2308 ad
2414 2238 2936 2331 intelligendum

690 2345 860 2414 inter
892 2346 1265 2436 scriptores
1307 2343 1646 2429 Graecos,
1709 2345 1803 2412 lta
1842 2342 2028 2413 idem
2074 2346 2218 2414 iure
2269 2343 2558 2413 habetur
2598 2343 2920 2411 difficilli-

686 2471 856 2518 mus.
961 2451 1138 2518 Nam
1193 2448 1245 2515 si
1292 2448 1440 2537 quis
1482 2449 1570 2546 :5¹¹
1622 2448 2005 2517 universum
2044 2458 2357 2539 quaerat,
2408 2470 2583 2537 quae
2646 2469 2927 2536 quoque

688 2552 758 2621 in
803 2553 959 2621 loco
1011 2552 1149 2620 eius
1188 2572 1374 2619 mens
1419 2549 1534 2636 sit,
1597 2550 1775 2618 nihil
1814 2551 1936 2626 illo
1994 2552 2360 2642 simplicius
2376 2603 2396 2638 ,
2447 2549 2618 2617 nihil
2660 2551 2929 2640 planius

690 2656 862 2745 fingi
888 2662 1145 2744 potest3
1197 2654 1297 2719 sin
1335 2674 1497 2720 vero
1530 2654 1901 2722 accuratius
1931 2656 2197 2745 singula
2224 2653 2654 2744 pervestiget,
2705 2675 2928 2741 neque

689 2778 846 2826 eum
886 2764 1141 2824 temere
1183 2762 1298 2822 aut
1339 2776 1538 2822 voces
1582 2775 1842 2845 ponere
1886 2754 2057 2822 nihil
2095 2756 2541 2848 significantes
2556 2804 2579 2842 ‚
2631 2765 2747 2823 aut
2770 2778 2927 2824 ver—
2955 2845 2958 2850 Ι

687 2860 934 2927 borum
975 2866 1287 2947 tempora
1328 2856 1708 2947 modosque
1749 2858 2165 2927 confundere
2207 2859 2564 2943 existimet,
2614 2867 2755 2926 tam
2798 2881 2950 2926 va—.

686 2962 786 3031 ria
825 2970 961 3048 est,
1011 2969 1285 3050 tamque
1306 2959 1652 3052 implicata
1688 2962 1825 3029 eius
1869 2962 2083 3030 oratio
2099 3010 2120 3047 ,
2171 2971 2246 3030 ut
2272 2963 2381 3030 vix
2416 2962 2673 3029 initium
2702 2961 2927 3051 inqui-

685 3064 916 3150 rendi,
976 3064 1229 3133 nedum
1275 3063 1480 3131 finem
1517 3064 1831 3150 invenias.
1934 3067 2082 3135 Nec
2118 3068 2381 3141 mirum.
2449 3066 2691 3135 Sermo
2735 3066 2919 3133 enim

681 3168 998 3254 liberior,
1046 3189 1175 3236 nec
1223 3166 1389 3235 dum
1431 3176 1545 3236 aut
1587 3169 1743 3236 artis
1784 3168 2188 3259 quibusdam
2226 3169 2611 3260 praeceptis
2662 3168 2922 3235 forma-

682 3281 822 3357 tus,
875 3280 1025 3354 aut,
1078 3279 1152 3338 ut
1189 3280 1431 3361 postea
1477 3270 1731 3340 factum
1752 3320 1773 3358 ‚
1834 3294 1955 3339 usu
2007 3271 2150 3343 huc
2190 3273 2304 3341 vel
2344 3273 2509 3343 illuc
2561 3271 2922 3340 inclinante

683 3374 1072 3445 constrictus
1147 3381 1657 3463 coarctatusque
1675 3422 1696 3460 ‚
1792 3374 2116 3465 plurimas
2180 3375 2390 3464 habet
2456 3385 2524 3445 et
2586 3395 2921 3464 perquam

682 3478 956 3547 subtiles
1012 3476 1361 3564 notionum
1417 3477 2091 3568 enunciationumque
2145 3479 2467 3548 rationes:
2543 3500 2707 3565 quas
2764 3478 2919 3567 qui-

682 3581 843 3650 dem
891 3579 1319 3672 cognovisse,
1369 3589 1688 3670 recteque
1713 3590 2104 3672 perspectas
2125 3581 2419 3666 habere,
2468 3588 2655 3647 tanto
2698 3581 2920 3672 magis

682 3693 781 3751 est
806 3683 1271 3768 necessarium,
1300 3682 1490 3772 quod
1521 3686 1735 3751 omnis
1760 3686 2208 3753 recentiorum
2230 3706 2450 3754 sermo
2479 3705 2561 3750 ex
2588 3682 2695 3750 his
2727 3684 2923 3772 quasi

680 3785 1016 3855 radicibus
1080 3786 1394 3855 effloruit.
1501 3786 1964 3871 Quamobrem
2021 3789 2139 3877 qui
2199 3787 2713 3881 grammaticam
2762 3786 2921 3853 Ho-

679 3890 1003 3959 mericam
1019 3936 1040 3973 ‚
1091 3910 1264 3977 quae
1309 3887 1588 3979 quidem
1636 3899 1706 3958 et
1746 3890 1953 3979 plena
1999 3891 2118 3976 sit,
2170 3900 2238 3960 et
2285 3890 2615 3959 erroribus
2677 3910 2913 3968 vacua,

681 3992 1095 4075 condiderit,
1163 4014 1320 4059 eum
1356 3992 1863 4085 propemodum
1908 3995 2254 4062 universae
2290 3994 2588 4089 ling-uae⁸
2606 3991 2917 4061 Graecae

679 4091 1000 4178 naturam,
1043 4093 1508 4184 rationemque
1558 4097 1954 4188 explicuisse
2016 4097 2318 4171 dixerim.
2454 4097 2549 4163 At
2607 4096 2918 4163 nimirum

654 4197 822 4284 ,hoc
859 4193 1202 4288 aliquanto
1239 4196 1580 4270 difficilius
1606 4209 1732 4287 est,
1777 4223 1983 4300 quam
2023 4201 2240 4271 visum
2273 4209 2372 4271 est
2395 4220 2616 4289 nuper
2648 4198 2914 4272 Frider.

761 4471 826 4550 ¹⁸¹)
858 4431 1063 4538 Edita,
1088 4479 1179 4531 est
1231 4491 1283 4529 a.
1332 4476 1520 4539 1812,
