<?xml version="1.0" encoding="UTF-8"?>
<!DOCTYPE html PUBLIC "-//W3C//DTD XHTML 1.0 Transitional//EN"
    "http://www.w3.org/TR/xhtml1/DTD/xhtml1-transitional.dtd">
<html xmlns="http://www.w3.org/1999/xhtml" xml:lang="en" lang="en">
 <head>
  <title>
</title>
<meta http-equiv="Content-Type" content="text/html;charset=utf-8" />
  <meta name='ocr-system' content='tesseract 3.04.00' />
  <meta name='ocr-capabilities' content='ocr_page ocr_carea ocr_par ocr_line ocrx_word'/>
</head>
<body>
  <div class='ocr_page' id='page_1' title='image "./godofrediherman01fritgoog_0138.png"; bbox 0 0 3325 5317; ppageno 0'>
   <div class='ocr_carea' id='block_1_1' title="bbox 691 451 2628 531">
    <p class='ocr_par' dir='ltr' id='par_1_1' title="bbox 691 451 2628 531">
     <span class='ocr_line' id='line_1_1' title="bbox 691 451 2628 531; baseline -0.005 -2"><span class='ocrx_word' id='word_1_1' title='bbox 691 460 817 529; x_wconf 70' lang='lat'><strong>1⁸²</strong></span> <span class='ocrx_word' id='word_1_2' title='bbox 871 512 886 531; x_wconf 66' lang='grc'>,</span> <span class='ocrx_word' id='word_1_3' title='bbox 986 459 1103 521; x_wconf 80' lang='lat' dir='ltr'><strong>DE</strong></span> <span class='ocrx_word' id='word_1_4' title='bbox 1144 456 1472 521; x_wconf 81' lang='lat' dir='ltr'><strong>cHoRo</strong></span> <span class='ocrx_word' id='word_1_5' title='bbox 1527 453 2100 520; x_wconf 76' lang='lat' dir='ltr'><strong>EvMEmnvM</strong></span> <span class='ocrx_word' id='word_1_6' title='bbox 2156 451 2628 519; x_wconf 72' lang='lat' dir='ltr'><strong>AEscHYLI</strong></span> 
     </span>
    </p>
   </div>
   <div class='ocr_carea' id='block_1_2' title="bbox 893 620 2870 833">
    <p class='ocr_par' dir='ltr' id='par_1_2' title="bbox 893 620 2847 833">
     <span class='ocr_line' id='line_1_2' title="bbox 1622 620 2445 731; baseline -0.002 -27.978"><span class='ocrx_word' id='word_1_7' title='bbox 1622 628 2005 704; x_wconf 80' lang='lat' dir='ltr'><em>XOPOY</em></span> <span class='ocrx_word' id='word_1_8' title='bbox 2092 624 2138 702; x_wconf 79' lang='grc' dir='ltr'>ὁ</span> <span class='ocrx_word' id='word_1_9' title='bbox 2237 620 2330 722; x_wconf 81' lang='grc' dir='ltr'><strong>β’.</strong></span> <span class='ocrx_word' id='word_1_10' title='bbox 2434 718 2445 731; x_wconf 80' lang='lat'><em>‚</em></span> 
     </span>
     <span class='ocr_line' id='line_1_3' title="bbox 893 721 2870 833; baseline -0.005 -24"><span class='ocrx_word' id='word_1_11' title='bbox 893 730 1212 833; x_wconf 70' lang='grc' dir='ltr'><strong><em>τοῦργον</em></strong></span> <span class='ocrx_word' id='word_1_12' title='bbox 1239 724 1632 830; x_wconf 74' lang='grc' dir='ltr'><strong><em>εἰργάσθαι</em></strong></span> <span class='ocrx_word' id='word_1_13' title='bbox 1654 736 1859 806; x_wconf 71' lang='grc' dir='ltr'><strong><em>δοκεῖ</em></strong></span> <span class='ocrx_word' id='word_1_14' title='bbox 1878 757 2018 825; x_wconf 88' lang='grc' dir='ltr'><strong>μοι</strong></span> <span class='ocrx_word' id='word_1_15' title='bbox 2043 731 2395 825; x_wconf 72' lang='grc' dir='ltr'><strong><em>βασιλέως</em></strong></span> <span class='ocrx_word' id='word_1_16' title='bbox 2432 721 2870 824; x_wconf 74' lang='grc' dir='ltr'><strong><em>οἶμῶγματι.</em></strong></span> 
     </span>
    </p>
   </div>
   <div class='ocr_carea' id='block_1_3' title="bbox 899 842 2825 1071">
    <p class='ocr_par' dir='ltr' id='par_1_3' title="bbox 899 842 2825 1071">
     <span class='ocr_line' id='line_1_4' title="bbox 1258 842 2332 952; baseline -0.008 -22"><span class='ocrx_word' id='word_1_17' title='bbox 1258 857 1469 952; x_wconf 77' lang='grc' dir='ltr'><strong>ἕπῳδ.</strong></span> <span class='ocrx_word' id='word_1_18' title='bbox 1636 854 2013 927; x_wconf 84' lang='grc' dir='ltr'><em>ΧΟΡΟΥ</em></span> <span class='ocrx_word' id='word_1_19' title='bbox 2102 846 2149 923; x_wconf 80' lang='lat' dir='ltr'><strong>o‘</strong></span> <span class='ocrx_word' id='word_1_20' title='bbox 2249 842 2332 943; x_wconf 75' lang='grc' dir='ltr'><strong>γ’.</strong></span> 
     </span>
     <span class='ocr_line' id='line_1_5' title="bbox 899 965 2825 1071; baseline -0.001 -23"><span class='ocrx_word' id='word_1_21' title='bbox 899 969 1088 1049; x_wconf 72' lang='grc' dir='ltr'><strong><em>ἄλλα</em></strong></span> <span class='ocrx_word' id='word_1_22' title='bbox 1135 968 1628 1071; x_wconf 70' lang='grc' dir='ltr'><strong><em>κοινωσώμεθ’</em></strong></span> <span class='ocrx_word' id='word_1_23' title='bbox 1670 969 1785 1070; x_wconf 74' lang='grc' dir='ltr'><strong>ἄν</strong></span> <span class='ocrx_word' id='word_1_24' title='bbox 1826 999 1973 1055; x_wconf 81' lang='grc' dir='ltr'><strong>πως</strong></span> <span class='ocrx_word' id='word_1_25' title='bbox 2006 967 2301 1070; x_wconf 77' lang='grc' dir='ltr'><strong><em>α’σφαλῆ</em></strong></span> <span class='ocrx_word' id='word_1_26' title='bbox 2334 965 2825 1066; x_wconf 58' lang='grc' dir='ltr'><strong><em>βουλεύματα.</em></strong></span> 
     </span>
    </p>
   </div>
   <div class='ocr_carea' id='block_1_4' title="bbox 693 1143 2985 1548">
    <p class='ocr_par' dir='ltr' id='par_1_4' title="bbox 693 1143 2985 1548">
     <span class='ocr_line' id='line_1_6' title="bbox 693 1143 2979 1236; baseline -0.002 -21"><span class='ocrx_word' id='word_1_27' title='bbox 693 1145 866 1215; x_wconf 87' lang='lat' dir='ltr'><strong>Inde</strong></span> <span class='ocrx_word' id='word_1_28' title='bbox 915 1146 1009 1215; x_wconf 86' lang='lat' dir='ltr'><strong>de</strong></span> <span class='ocrx_word' id='word_1_29' title='bbox 1059 1146 1179 1232; x_wconf 91' lang='lat' dir='ltr'><strong>iis,</strong></span> <span class='ocrx_word' id='word_1_30' title='bbox 1228 1168 1404 1236; x_wconf 86' lang='lat' dir='ltr'><strong>quae</strong></span> <span class='ocrx_word' id='word_1_31' title='bbox 1452 1144 1757 1235; x_wconf 76' lang='lat' dir='ltr'><strong>reliquae</strong></span> <span class='ocrx_word' id='word_1_32' title='bbox 1787 1153 1939 1218; x_wconf 83' lang='lat' dir='ltr'><strong>sunt</strong></span> <span class='ocrx_word' id='word_1_33' title='bbox 1972 1144 2107 1213; x_wconf 85' lang='lat' dir='ltr'><strong>XII</strong></span> <span class='ocrx_word' id='word_1_34' title='bbox 2149 1144 2344 1214; x_wconf 87' lang='lat' dir='ltr'><strong>chori</strong></span> <span class='ocrx_word' id='word_1_35' title='bbox 2376 1165 2750 1236; x_wconf 84' lang='lat' dir='ltr'><strong>personae,</strong></span> <span class='ocrx_word' id='word_1_36' title='bbox 2795 1143 2979 1212; x_wconf 79' lang='lat' dir='ltr'><strong>sin-&#39;&#39;</strong></span> 
     </span>
     <span class='ocr_line' id='line_1_7' title="bbox 694 1246 2942 1343; baseline -0.002 -25"><span class='ocrx_word' id='word_1_37' title='bbox 694 1251 903 1343; x_wconf 80' lang='lat' dir='ltr'><strong>gulae</strong></span> <span class='ocrx_word' id='word_1_38' title='bbox 942 1249 1134 1318; x_wconf 90' lang='lat' dir='ltr'><strong>binos</strong></span> <span class='ocrx_word' id='word_1_39' title='bbox 1176 1250 1512 1317; x_wconf 78' lang='lat' dir='ltr'><strong>trimetros</strong></span> <span class='ocrx_word' id='word_1_40' title='bbox 1556 1248 1838 1318; x_wconf 86' lang='lat' dir='ltr'><strong>recitant</strong></span> <span class='ocrx_word' id='word_1_41' title='bbox 1853 1296 1875 1333; x_wconf 97' lang='lat'><strong>,</strong></span> <span class='ocrx_word' id='word_1_42' title='bbox 1924 1270 2218 1338; x_wconf 83' lang='lat' dir='ltr'><strong>quorum</strong></span> <span class='ocrx_word' id='word_1_43' title='bbox 2254 1248 2524 1317; x_wconf 85' lang='lat' dir='ltr'><strong>ultimos</strong></span> <span class='ocrx_word' id='word_1_44' title='bbox 2565 1246 2779 1316; x_wconf 84' lang='lat' dir='ltr'><strong>habet</strong></span> <span class='ocrx_word' id='word_1_45' title='bbox 2808 1269 2942 1321; x_wconf 87' lang='lat' dir='ltr'><strong>co·-</strong></span> 
     </span>
     <span class='ocr_line' id='line_1_8' title="bbox 694 1350 2985 1473; baseline -0.001 -53"><span class='ocrx_word' id='word_1_46' title='bbox 694 1351 1036 1473; x_wconf 71' lang='lat' dir='ltr'><strong>ryphaeus</strong></span> <span class='ocrx_word' id='word_1_47' title='bbox 1052 1402 1073 1438; x_wconf 93' lang='lat'><strong>,</strong></span> <span class='ocrx_word' id='word_1_48' title='bbox 1124 1375 1263 1443; x_wconf 84' lang='lat' dir='ltr'><strong>quo</strong></span> <span class='ocrx_word' id='word_1_49' title='bbox 1298 1353 1478 1423; x_wconf 82' lang='lat' dir='ltr'><strong>(luce</strong></span> <span class='ocrx_word' id='word_1_50' title='bbox 1524 1375 1787 1420; x_wconf 90' lang='lat' dir='ltr'><strong>rursum</strong></span> <span class='ocrx_word' id='word_1_51' title='bbox 1818 1361 2278 1444; x_wconf 79' lang='lat' dir='ltr'><strong>congregatur</strong></span> <span class='ocrx_word' id='word_1_52' title='bbox 2319 1350 2569 1423; x_wconf 83' lang='lat' dir='ltr'><strong>chorus</strong></span> <span class='ocrx_word' id='word_1_53' title='bbox 2587 1398 2613 1438; x_wconf 93' lang='lat'><strong>,</strong></span> <span class='ocrx_word' id='word_1_54' title='bbox 2662 1359 2732 1419; x_wconf 87' lang='lat' dir='ltr'><strong>et</strong></span> <span class='ocrx_word' id='word_1_55' title='bbox 2778 1372 2939 1419; x_wconf 79' lang='lat' dir='ltr'><strong>ver·</strong></span> <span class='ocrx_word' id='word_1_56' title='bbox 2956 1354 2985 1375; x_wconf 52' lang='lat'><strong><em>³</em></strong></span> 
     </span>
     <span class='ocr_line' id='line_1_9' title="bbox 695 1454 2695 1548; baseline -0.003 -22"><span class='ocrx_word' id='word_1_57' title='bbox 695 1478 805 1526; x_wconf 77' lang='lat' dir='ltr'><strong>sus</strong></span> <span class='ocrx_word' id='word_1_58' title='bbox 838 1457 1061 1548; x_wconf 81' lang='lat' dir='ltr'><strong>regias</strong></span> <span class='ocrx_word' id='word_1_59' title='bbox 1112 1456 1317 1526; x_wconf 90' lang='lat' dir='ltr'><strong>aedes</strong></span> <span class='ocrx_word' id='word_1_60' title='bbox 1362 1479 1440 1524; x_wconf 89' lang='lat' dir='ltr'><strong>se</strong></span> <span class='ocrx_word' id='word_1_61' title='bbox 1470 1454 1774 1525; x_wconf 81' lang='lat' dir='ltr'><strong>coniicit:</strong></span> <span class='ocrx_word' id='word_1_62' title='bbox 2686 1484 2695 1491; x_wconf 93' lang='lat'><strong>·</strong></span> 
     </span>
    </p>
   </div>
   <div class='ocr_carea' id='block_1_5' title="bbox 873 1600 2590 1809">
    <p class='ocr_par' dir='ltr' id='par_1_5' title="bbox 756 1600 2571 1809">
     <span class='ocr_line' id='line_1_10' title="bbox 873 1600 2472 1729; baseline -0.001 -44.965"><span class='ocrx_word' id='word_1_63' title='bbox 873 1637 1181 1709; x_wconf 82' lang='grc' dir='ltr'><strong><em>ταυτην</em></strong></span> <span class='ocrx_word' id='word_1_64' title='bbox 1218 1613 1540 1683; x_wconf 75' lang='grc' dir='ltr'><strong><em>ἐπαινεῖν</em></strong></span> <span class='ocrx_word' id='word_1_65' title='bbox 1599 1601 1978 1682; x_wconf 73' lang='grc' dir='ltr'><strong>πάντοθεν</strong></span> <span class='ocrx_word' id='word_1_66' title='bbox 2017 1600 2472 1729; x_wconf 76' lang='grc' dir='ltr'><strong><em>πληθῦομαι,</em></strong></span> 
     </span>
     <span class='ocr_line' id='line_1_11' title="bbox 901 1706 2590 1809; baseline 0.002 -27.76"><span class='ocrx_word' id='word_1_67' title='bbox 901 1739 1181 1809; x_wconf 76' lang='grc' dir='ltr'><strong><em>τρανως</em></strong></span> <span class='ocrx_word' id='word_1_68' title='bbox 1221 1706 1611 1808; x_wconf 77' lang='grc' dir='ltr'><strong><em>Ατρείδην</em></strong></span> <span class='ocrx_word' id='word_1_69' title='bbox 1654 1712 1923 1784; x_wconf 78' lang='grc' dir='ltr'><strong><em>εἰδέναι</em></strong></span> <span class='ocrx_word' id='word_1_70' title='bbox 1966 1706 2330 1809; x_wconf 72' lang='grc' dir='ltr'><strong><em>κυροῦνθ·</em></strong></span> <span class='ocrx_word' id='word_1_71' title='bbox 2381 1710 2590 1794; x_wconf 82' lang='grc' dir='ltr'><strong>ὅπως.</strong></span> 
     </span>
    </p>
   </div>
   <div class='ocr_carea' id='block_1_6' title="bbox 695 1857 2988 2059">
    <p class='ocr_par' dir='ltr' id='par_1_6' title="bbox 695 1857 2988 2059">
     <span class='ocr_line' id='line_1_12' title="bbox 695 1857 2988 1965; baseline -0.017 -32"><span class='ocrx_word' id='word_1_72' title='bbox 695 1865 777 1932; x_wconf 88' lang='lat' dir='ltr'><strong>In</strong></span> <span class='ocrx_word' id='word_1_73' title='bbox 805 1863 1047 1952; x_wconf 88' lang='lat' dir='ltr'><strong>quibus</strong></span> <span class='ocrx_word' id='word_1_74' title='bbox 1074 1863 1356 1933; x_wconf 79' lang='lat' dir='ltr'><strong>verbis</strong></span> <span class='ocrx_word' id='word_1_75' title='bbox 1335 1887 1559 1956; x_wconf 66' lang='lat' dir='ltr'><strong>ipsum</strong></span> <span class='ocrx_word' id='word_1_76' title='bbox 1600 1864 2012 1965; x_wconf 84' lang='lat' dir='ltr'><strong>vocabulum</strong></span> <span class='ocrx_word' id='word_1_77' title='bbox 2040 1857 2416 1938; x_wconf 49' lang='grc' dir='ltr'><strong>πάντοθεν</strong></span> <span class='ocrx_word' id='word_1_78' title='bbox 2448 1873 2742 1933; x_wconf 63' lang='lat' dir='ltr'><strong>nostram</strong></span> <span class='ocrx_word' id='word_1_79' title='bbox 2772 1888 2937 1957; x_wconf 51' lang='lat' dir='ltr'><strong>Per,</strong></span> <span class='ocrx_word' id='word_1_80' title='bbox 2978 1872 2988 1893; x_wconf 81' lang='lat'><strong>-.</strong></span> 
     </span>
     <span class='ocr_line' id='line_1_13' title="bbox 695 1966 2987 2059; baseline -0.002 -24"><span class='ocrx_word' id='word_1_81' title='bbox 695 1988 1010 2035; x_wconf 85' lang='lat' dir='ltr'><strong>sonarum</strong></span> <span class='ocrx_word' id='word_1_82' title='bbox 1089 1967 1608 2058; x_wconf 73' lang='lat' dir='ltr'><strong>descriptionem</strong></span> <span class='ocrx_word' id='word_1_83' title='bbox 1686 1968 2057 2036; x_wconf 84' lang='lat' dir='ltr'><strong>confirmat.</strong></span> <span class='ocrx_word' id='word_1_84' title='bbox 2162 1966 2373 2051; x_wconf 76' lang='lat' dir='ltr'><strong>Quod</strong></span> <span class='ocrx_word' id='word_1_85' title='bbox 2451 1968 2507 2036; x_wconf 92' lang='lat' dir='ltr'><strong>si</strong></span> <span class='ocrx_word' id='word_1_86' title='bbox 2590 1968 2660 2036; x_wconf 89' lang='lat' dir='ltr'><strong>in</strong></span> <span class='ocrx_word' id='word_1_87' title='bbox 2739 1970 2940 2059; x_wconf 84' lang='lat' dir='ltr'><strong>Aga-</strong></span> <span class='ocrx_word' id='word_1_88' title='bbox 2982 1976 2987 1982; x_wconf 82' lang='grc'><strong><em>’</em></strong></span> 
     </span>
    </p>
   </div>
   <div class='ocr_carea' id='block_1_7' title="bbox 699 2062 3083 2162">
    <p class='ocr_par' dir='ltr' id='par_1_7' title="bbox 699 2062 3083 2162">
     <span class='ocr_line' id='line_1_14' title="bbox 699 2062 3083 2162; baseline 0 -23"><span class='ocrx_word' id='word_1_89' title='bbox 699 2066 1061 2139; x_wconf 80' lang='lat' dir='ltr'><strong>memnone</strong></span> <span class='ocrx_word' id='word_1_90' title='bbox 1079 2117 1102 2156; x_wconf 94' lang='lat'><strong>,</strong></span> <span class='ocrx_word' id='word_1_91' title='bbox 1192 2072 1354 2161; x_wconf 81' lang='lat' dir='ltr'><strong>ipso&#39;</strong></span> <span class='ocrx_word' id='word_1_92' title='bbox 1394 2070 1743 2162; x_wconf 79' lang='lat' dir='ltr'><strong>Aeschylo</strong></span> <span class='ocrx_word' id='word_1_93' title='bbox 1784 2081 2115 2155; x_wconf 81' lang='lat' dir='ltr'><strong>auctore,</strong></span> <span class='ocrx_word' id='word_1_94' title='bbox 2163 2062 2411 2139; x_wconf 87' lang='lat' dir='ltr'><strong>chorus</strong></span> <span class='ocrx_word' id='word_1_95' title='bbox 2442 2093 2762 2161; x_wconf 81' lang='lat' dir='ltr'><strong>personas</strong></span> <span class='ocrx_word' id='word_1_96' title='bbox 2803 2071 2940 2140; x_wconf 85' lang='lat' dir='ltr'><strong>ha-</strong></span> <span class='ocrx_word' id='word_1_97' title='bbox 3070 2139 3083 2151; x_wconf 29' lang='grc' dir='ltr'><em>Ι</em></span> 
     </span>
    </p>
   </div>
   <div class='ocr_carea' id='block_1_8' title="bbox 692 2173 2973 2367">
    <p class='ocr_par' dir='ltr' id='par_1_8' title="bbox 692 2173 2973 2367">
     <span class='ocr_line' id='line_1_15' title="bbox 692 2173 2973 2264; baseline 0 -22"><span class='ocrx_word' id='word_1_98' title='bbox 692 2174 840 2242; x_wconf 85' lang='lat' dir='ltr'><strong>buit</strong></span> <span class='ocrx_word' id='word_1_99' title='bbox 894 2174 1024 2241; x_wconf 86' lang='lat' dir='ltr'><strong>XV</strong></span> <span class='ocrx_word' id='word_1_100' title='bbox 1048 2220 1071 2256; x_wconf 94' lang='lat'><strong>,</strong></span> <span class='ocrx_word' id='word_1_101' title='bbox 1133 2175 1280 2262; x_wconf 87' lang='lat' dir='ltr'><strong>quis</strong></span> <span class='ocrx_word' id='word_1_102' title='bbox 1337 2174 1703 2259; x_wconf 77' lang='lat' dir='ltr'><strong>dubitabit,</strong></span> <span class='ocrx_word' id='word_1_103' title='bbox 1764 2176 1928 2264; x_wconf 85' lang='lat' dir='ltr'><strong>quin</strong></span> <span class='ocrx_word' id='word_1_104' title='bbox 1983 2173 2268 2242; x_wconf 90' lang='lat' dir='ltr'><strong>totidem</strong></span> <span class='ocrx_word' id='word_1_105' title='bbox 2317 2174 2519 2243; x_wconf 90' lang='lat' dir='ltr'><strong>etiam</strong></span> <span class='ocrx_word' id='word_1_106' title='bbox 2557 2175 2626 2242; x_wconf 89' lang='lat' dir='ltr'><strong>in</strong></span> <span class='ocrx_word' id='word_1_107' title='bbox 2674 2175 2973 2244; x_wconf 61' lang='lat' dir='ltr'><strong>Eume-³&gt;</strong></span> 
     </span>
     <span class='ocr_line' id='line_1_16' title="bbox 692 2274 2936 2367; baseline 0.002 -24"><span class='ocrx_word' id='word_1_108' title='bbox 692 2277 962 2344; x_wconf 85' lang='lat' dir='ltr'><strong>nidibus</strong></span> <span class='ocrx_word' id='word_1_109' title='bbox 1016 2276 1264 2346; x_wconf 80' lang='lat' dir='ltr'>Furiae</span> <span class='ocrx_word' id='word_1_110' title='bbox 1319 2278 1739 2348; x_wconf 81' lang='lat' dir='ltr'><strong>introductae</strong></span> <span class='ocrx_word' id='word_1_111' title='bbox 1794 2274 2044 2346; x_wconf 76' lang='lat' dir='ltr'><strong>fuerint</strong></span> <span class='ocrx_word' id='word_1_112' title='bbox 2059 2277 2093 2343; x_wconf 85' lang='lat'>?</span> <span class='ocrx_word' id='word_1_113' title='bbox 2173 2280 2401 2367; x_wconf 84' lang='lat' dir='ltr'><strong>Atque</strong></span> <span class='ocrx_word' id='word_1_114' title='bbox 2462 2277 2604 2348; x_wconf 88' lang='lat' dir='ltr'><strong>hoc</strong></span> <span class='ocrx_word' id='word_1_115' title='bbox 2658 2299 2936 2367; x_wconf 90' lang='lat' dir='ltr'><strong>quoque</strong></span> 
     </span>
    </p>
   </div>
   <div class='ocr_carea' id='block_1_9' title="bbox 693 2379 2943 2575">
    <p class='ocr_par' dir='ltr' id='par_1_9' title="bbox 693 2379 2943 2575">
     <span class='ocr_line' id='line_1_17' title="bbox 693 2379 2943 2473; baseline 0.002 -27"><span class='ocrx_word' id='word_1_116' title='bbox 693 2379 942 2448; x_wconf 82' lang='lat' dir='ltr'><strong>idonea</strong></span> <span class='ocrx_word' id='word_1_117' title='bbox 996 2382 1392 2449; x_wconf 84' lang='lat' dir='ltr'><strong>auctoritate</strong></span> <span class='ocrx_word' id='word_1_118' title='bbox 1406 2431 1446 2467; x_wconf 33' lang='grc' dir='ltr'><em>γ</em></span> <span class='ocrx_word' id='word_1_119' title='bbox 1505 2382 1683 2449; x_wconf 80' lang='lat' dir='ltr'><strong>infra</strong></span> <span class='ocrx_word' id='word_1_120' title='bbox 1719 2381 1924 2471; x_wconf 82' lang='lat' dir='ltr'><strong>ipsius</strong></span> <span class='ocrx_word' id='word_1_121' title='bbox 1979 2389 2227 2473; x_wconf 86' lang='lat' dir='ltr'><strong>poetae</strong></span> <span class='ocrx_word' id='word_1_122' title='bbox 2243 2428 2264 2465; x_wconf 93' lang='lat'><strong>,</strong></span> <span class='ocrx_word' id='word_1_123' title='bbox 2350 2403 2530 2450; x_wconf 90' lang='lat' dir='ltr'><strong>nunc</strong></span> <span class='ocrx_word' id='word_1_124' title='bbox 2583 2379 2943 2451; x_wconf 85' lang='lat' dir='ltr'><strong>scholistae</strong></span> 
     </span>
     <span class='ocr_line' id='line_1_18' title="bbox 693 2479 2529 2575; baseline -0.001 -23"><span class='ocrx_word' id='word_1_125' title='bbox 693 2484 1128 2553; x_wconf 87' lang='lat' dir='ltr'><strong>firmabimus.</strong></span> <span class='ocrx_word' id='word_1_126' title='bbox 1231 2486 1410 2553; x_wconf 89' lang='lat' dir='ltr'><strong>Nam</strong></span> <span class='ocrx_word' id='word_1_127' title='bbox 1436 2486 1558 2554; x_wconf 80' lang='lat' dir='ltr'><strong>&#39;ubi</strong></span> <span class='ocrx_word' id='word_1_128' title='bbox 1591 2485 1841 2554; x_wconf 82' lang='lat' dir='ltr'><strong>Furiae</strong></span> <span class='ocrx_word' id='word_1_129' title='bbox 1869 2485 2102 2554; x_wconf 89' lang='lat' dir='ltr'><strong>dicunt</strong></span> <span class='ocrx_word' id='word_1_130' title='bbox 2116 2531 2139 2570; x_wconf 95' lang='lat'><strong>,</strong></span> <span class='ocrx_word' id='word_1_131' title='bbox 2175 2490 2286 2570; x_wconf 84' lang='lat' dir='ltr'><strong>-(v.</strong></span> <span class='ocrx_word' id='word_1_132' title='bbox 2315 2479 2529 2575; x_wconf 82' lang='lat'><strong>588.)</strong></span> 
     </span>
    </p>
   </div>
   <div class='ocr_carea' id='block_1_10' title="bbox 900 2631 2607 2745">
    <p class='ocr_par' dir='ltr' id='par_1_10' title="bbox 900 2631 2607 2745">
     <span class='ocr_line' id='line_1_19' title="bbox 900 2631 2607 2745; baseline -0.001 -35"><span class='ocrx_word' id='word_1_133' title='bbox 900 2636 1159 2745; x_wconf 78' lang='grc' dir='ltr'><strong><em>πολλαὶ</em></strong></span> <span class='ocrx_word' id='word_1_134' title='bbox 1193 2640 1346 2731; x_wconf 71' lang='grc' dir='ltr'><strong><em>-μέν</em></strong></span> <span class='ocrx_word' id='word_1_135' title='bbox 1398 2644 1660 2732; x_wconf 71' lang='grc' dir='ltr'><strong><em>ἐσμεν,</em></strong></span> <span class='ocrx_word' id='word_1_136' title='bbox 1727 2639 2022 2733; x_wconf 74' lang='grc' dir='ltr'><strong><em>λέξομεν</em></strong></span> <span class='ocrx_word' id='word_1_137' title='bbox 2076 2639 2154 2711; x_wconf 77' lang='grc' dir='ltr'><strong>δὲ</strong></span> <span class='ocrx_word' id='word_1_138' title='bbox 2206 2631 2607 2732; x_wconf 76' lang='grc' dir='ltr'><strong><em>συντόμως,</em></strong></span> 
     </span>
    </p>
   </div>
   <div class='ocr_carea' id='block_1_11' title="bbox 606 2789 2993 3812">
    <p class='ocr_par' dir='ltr' id='par_1_11' title="bbox 606 2789 2993 3812">
     <span class='ocr_line' id='line_1_20' title="bbox 606 2789 2942 2914; baseline 0 -55"><span class='ocrx_word' id='word_1_139' title='bbox 606 2799 689 2859; x_wconf 93' lang='grc'><strong>11</strong></span> <span class='ocrx_word' id='word_1_140' title='bbox 709 2789 1139 2873; x_wconf 78' lang='lat' dir='ltr'><strong>scholiastes,</strong></span> <span class='ocrx_word' id='word_1_141' title='bbox 1196 2789 1387 2857; x_wconf 88' lang='lat' dir='ltr'><strong>haud</strong></span> <span class='ocrx_word' id='word_1_142' title='bbox 1428 2792 1634 2861; x_wconf 89' lang='lat' dir='ltr'><strong>dubie</strong></span> <span class='ocrx_word' id='word_1_143' title='bbox 1679 2814 1762 2861; x_wconf 84' lang='lat' dir='ltr'><strong>ex</strong></span> <span class='ocrx_word' id='word_1_144' title='bbox 1803 2792 2205 2882; x_wconf 84' lang='lat' dir='ltr'><strong>perantiquo</strong></span> <span class='ocrx_word' id='word_1_145' title='bbox 2259 2792 2704 2914; x_wconf 79' lang='lat' dir='ltr'><strong>grammatico</strong></span> <span class='ocrx_word' id='word_1_146' title='bbox 2719 2837 2742 2876; x_wconf 93' lang='lat'><strong>,</strong></span> <span class='ocrx_word' id='word_1_147' title='bbox 2803 2791 2942 2859; x_wconf 87' lang='lat' dir='ltr'><strong>ob-</strong></span> 
     </span>
     <span class='ocr_line' id='line_1_21' title="bbox 697 2887 2937 2992; baseline 0.003 -32"><span class='ocrx_word' id='word_1_148' title='bbox 697 2903 948 2962; x_wconf 84' lang='lat' dir='ltr'><strong>servat:</strong></span> <span class='ocrx_word' id='word_1_149' title='bbox 996 2892 1223 2966; x_wconf 79' lang='grc' dir='ltr'><strong><em>τοῦτο</em></strong></span> <span class='ocrx_word' id='word_1_150' title='bbox 1269 2890 1356 2966; x_wconf 81' lang='grc' dir='ltr'><strong>οὐ</strong></span> <span class='ocrx_word' id='word_1_151' title='bbox 1392 2921 1572 2990; x_wconf 85' lang='grc' dir='ltr'><strong><em>προς</em></strong></span> <span class='ocrx_word' id='word_1_152' title='bbox 1600 2922 1733 2976; x_wconf 89' lang='grc' dir='ltr'><strong>τας</strong></span> <span class='ocrx_word' id='word_1_153' title='bbox 1760 2900 1995 2992; x_wconf 71' lang='grc' dir='ltr'><strong><em>τρεῖς,</em></strong></span> <span class='ocrx_word' id='word_1_154' title='bbox 2055 2887 2242 2967; x_wconf 61' lang='lat' dir='ltr'><strong>‹ill-o?</strong></span> <span class='ocrx_word' id='word_1_155' title='bbox 2283 2891 2466 2992; x_wconf 75' lang='grc' dir='ltr'><strong><em>πρός</em></strong></span> <span class='ocrx_word' id='word_1_156' title='bbox 2508 2888 2643 2968; x_wconf 75' lang='grc' dir='ltr'><strong>τόν</strong></span> <span class='ocrx_word' id='word_1_157' title='bbox 2674 2888 2937 2990; x_wconf 82' lang='grc' dir='ltr'><strong><em>χορόν·</em></strong></span> 
     </span>
     <span class='ocr_line' id='line_1_22' title="bbox 696 2990 2991 3091; baseline -0.002 -22"><span class='ocrx_word' id='word_1_158' title='bbox 696 2998 772 3071; x_wconf 63' lang='lat' dir='ltr'><strong>eff</strong></span> <span class='ocrx_word' id='word_1_159' title='bbox 815 2990 955 3091; x_wconf 73' lang='grc' dir='ltr'><strong>γοῖρ</strong></span> <span class='ocrx_word' id='word_1_160' title='bbox 999 2991 1205 3090; x_wconf 78' lang='grc' dir='ltr'><strong><em>ἦσαν.</em></strong></span> <span class='ocrx_word' id='word_1_161' title='bbox 1323 2997 1484 3065; x_wconf 93' lang='lat' dir='ltr'><strong>Hoc</strong></span> <span class='ocrx_word' id='word_1_162' title='bbox 1543 3007 1772 3066; x_wconf 87' lang='lat' dir='ltr'><strong>autem</strong></span> <span class='ocrx_word' id='word_1_163' title='bbox 1830 2999 1951 3067; x_wconf 87' lang='lat' dir='ltr'><strong>ille</strong></span> <span class='ocrx_word' id='word_1_164' title='bbox 1990 2996 2359 3088; x_wconf 85' lang='lat' dir='ltr'><strong>significat,</strong></span> <span class='ocrx_word' id='word_1_165' title='bbox 2423 3021 2632 3086; x_wconf 87' lang='lat' dir='ltr'><strong>quum</strong></span> <span class='ocrx_word' id='word_1_166' title='bbox 2688 2997 2939 3065; x_wconf 81' lang='lat' dir='ltr'><strong>Furiae</strong></span> <span class='ocrx_word' id='word_1_167' title='bbox 2984 3000 2991 3005; x_wconf 73' lang='grc'><em>”</em></span> 
     </span>
     <span class='ocr_line' id='line_1_23' title="bbox 695 3099 2936 3192; baseline 0 -24"><span class='ocrx_word' id='word_1_168' title='bbox 695 3101 937 3168; x_wconf 88' lang='lat' dir='ltr'><strong>multas</strong></span> <span class='ocrx_word' id='word_1_169' title='bbox 980 3120 1051 3165; x_wconf 85' lang='lat' dir='ltr'><strong>se</strong></span> <span class='ocrx_word' id='word_1_170' title='bbox 1095 3121 1243 3166; x_wconf 88' lang='lat' dir='ltr'><strong>esse</strong></span> <span class='ocrx_word' id='word_1_171' title='bbox 1281 3099 1552 3185; x_wconf 89' lang='lat' dir='ltr'><strong>dicant,</strong></span> <span class='ocrx_word' id='word_1_172' title='bbox 1619 3123 1756 3171; x_wconf 91' lang='lat' dir='ltr'><strong>non</strong></span> <span class='ocrx_word' id='word_1_173' title='bbox 1815 3101 2058 3192; x_wconf 84' lang='lat' dir='ltr'><strong>respici</strong></span> <span class='ocrx_word' id='word_1_174' title='bbox 2118 3101 2547 3169; x_wconf 87' lang='lat' dir='ltr'><strong>traditionem</strong></span> <span class='ocrx_word' id='word_1_175' title='bbox 2606 3109 2936 3187; x_wconf 82' lang='lat' dir='ltr'><strong>veterum,</strong></span> 
     </span>
     <span class='ocr_line' id='line_1_24' title="bbox 695 3202 2938 3294; baseline 0.002 -26"><span class='ocrx_word' id='word_1_176' title='bbox 695 3225 833 3292; x_wconf 78' lang='lat' dir='ltr'><strong>qua</strong></span> <span class='ocrx_word' id='word_1_177' title='bbox 861 3211 998 3269; x_wconf 90' lang='lat' dir='ltr'><strong>tres</strong></span> <span class='ocrx_word' id='word_1_178' title='bbox 1041 3225 1186 3269; x_wconf 89' lang='lat' dir='ltr'><strong>esse</strong></span> <span class='ocrx_word' id='word_1_179' title='bbox 1227 3202 1792 3294; x_wconf 82' lang='lat' dir='ltr'><strong>perhibebantur,</strong></span> <span class='ocrx_word' id='word_1_180' title='bbox 1842 3205 1965 3273; x_wconf 89' lang='lat' dir='ltr'><strong>sed</strong></span> <span class='ocrx_word' id='word_1_181' title='bbox 2012 3203 2303 3274; x_wconf 85' lang='lat' dir='ltr'><strong>chorum</strong></span> <span class='ocrx_word' id='word_1_182' title='bbox 2332 3204 2708 3289; x_wconf 73' lang='lat' dir='ltr'><strong>Furiarum,</strong></span> <span class='ocrx_word' id='word_1_183' title='bbox 2758 3227 2938 3293; x_wconf 88' lang='lat' dir='ltr'><strong>qua-</strong></span> 
     </span>
     <span class='ocr_line' id='line_1_25' title="bbox 691 3306 2938 3396; baseline 0.001 -24"><span class='ocrx_word' id='word_1_184' title='bbox 691 3306 832 3375; x_wconf 89' lang='lat' dir='ltr'><strong>lem</strong></span> <span class='ocrx_word' id='word_1_185' title='bbox 878 3313 1086 3396; x_wconf 84' lang='lat' dir='ltr'><strong>poeta</strong></span> <span class='ocrx_word' id='word_1_186' title='bbox 1125 3306 1567 3375; x_wconf 84' lang='lat' dir='ltr'><strong>introduxerit</strong></span> <span class='ocrx_word' id='word_1_187' title='bbox 1582 3355 1603 3391; x_wconf 94' lang='lat'><strong>,</strong></span> <span class='ocrx_word' id='word_1_188' title='bbox 1657 3332 1697 3376; x_wconf 91' lang='lat' dir='ltr'><strong>e</strong></span> <span class='ocrx_word' id='word_1_189' title='bbox 1735 3308 1868 3376; x_wconf 88' lang='lat' dir='ltr'><strong>XV</strong></span> <span class='ocrx_word' id='word_1_190' title='bbox 1919 3308 2140 3377; x_wconf 87' lang='lat' dir='ltr'><strong>Furiis</strong></span> <span class='ocrx_word' id='word_1_191' title='bbox 2185 3317 2615 3377; x_wconf 87' lang='lat' dir='ltr'><strong>constantem.</strong></span> <span class='ocrx_word' id='word_1_192' title='bbox 2721 3308 2938 3376; x_wconf 87' lang='lat' dir='ltr'><strong>Vete-</strong></span> 
     </span>
     <span class='ocr_line' id='line_1_26' title="bbox 690 3408 2993 3494; baseline 0.001 -16"><span class='ocrx_word' id='word_1_193' title='bbox 690 3433 845 3478; x_wconf 90' lang='lat' dir='ltr'><strong>rum</strong></span> <span class='ocrx_word' id='word_1_194' title='bbox 893 3408 1072 3477; x_wconf 90' lang='lat' dir='ltr'><strong>enim</strong></span> <span class='ocrx_word' id='word_1_195' title='bbox 1118 3409 1233 3476; x_wconf 85' lang='lat' dir='ltr'><strong>alii</strong></span> <span class='ocrx_word' id='word_1_196' title='bbox 1259 3409 1427 3476; x_wconf 88' lang='lat' dir='ltr'><strong>duas</strong></span> <span class='ocrx_word' id='word_1_197' title='bbox 1443 3457 1464 3494; x_wconf 92' lang='lat'><strong>,</strong></span> <span class='ocrx_word' id='word_1_198' title='bbox 1516 3411 1629 3477; x_wconf 85' lang='lat' dir='ltr'><strong>alii</strong></span> <span class='ocrx_word' id='word_1_199' title='bbox 1659 3420 1795 3480; x_wconf 89' lang='lat' dir='ltr'><strong>tres</strong></span> <span class='ocrx_word' id='word_1_200' title='bbox 1834 3424 1974 3478; x_wconf 87' lang='lat' dir='ltr'><strong>esse</strong></span> <span class='ocrx_word' id='word_1_201' title='bbox 2001 3410 2238 3479; x_wconf 90' lang='lat' dir='ltr'><strong>Furias</strong></span> <span class='ocrx_word' id='word_1_202' title='bbox 2275 3411 2725 3480; x_wconf 88' lang='lat' dir='ltr'><strong>tradiderant</strong></span> <span class='ocrx_word' id='word_1_203' title='bbox 2704 3434 2722 3453; x_wconf 93' lang='lat'><strong>·</strong></span> <span class='ocrx_word' id='word_1_204' title='bbox 2772 3410 2936 3480; x_wconf 85' lang='lat' dir='ltr'><strong>vide</strong></span> <span class='ocrx_word' id='word_1_205' title='bbox 2984 3408 2993 3417; x_wconf 72' lang='grc'><strong><em>’</em></strong></span> 
     </span>
     <span class='ocr_line' id='line_1_27' title="bbox 693 3511 2940 3604; baseline -0 -22"><span class='ocrx_word' id='word_1_206' title='bbox 693 3513 1097 3585; x_wconf 88' lang='lat' dir='ltr'><strong>scholiasten</strong></span> <span class='ocrx_word' id='word_1_207' title='bbox 1145 3511 1521 3603; x_wconf 84' lang='lat' dir='ltr'><strong>Sophoclis</strong></span> <span class='ocrx_word' id='word_1_208' title='bbox 1569 3513 1660 3581; x_wconf 91' lang='lat' dir='ltr'><strong>ad</strong></span> <span class='ocrx_word' id='word_1_209' title='bbox 1702 3513 1879 3584; x_wconf 88' lang='lat' dir='ltr'><strong>Oed.</strong></span> <span class='ocrx_word' id='word_1_210' title='bbox 1924 3513 2077 3583; x_wconf 85' lang='lat' dir='ltr'><strong>col.</strong></span> <span class='ocrx_word' id='word_1_211' title='bbox 2111 3513 2233 3582; x_wconf 81' lang='lat'><strong>39.</strong></span> <span class='ocrx_word' id='word_1_212' title='bbox 2288 3538 2574 3604; x_wconf 86' lang='lat' dir='ltr'><strong>quarum</strong></span> <span class='ocrx_word' id='word_1_213' title='bbox 2601 3515 2940 3583; x_wconf 86' lang='lat' dir='ltr'><strong>narratio-</strong></span> 
     </span>
     <span class='ocr_line' id='line_1_28' title="bbox 691 3610 2939 3712; baseline -0 -27"><span class='ocrx_word' id='word_1_214' title='bbox 691 3640 856 3685; x_wconf 85' lang='lat' dir='ltr'><strong>num</strong></span> <span class='ocrx_word' id='word_1_215' title='bbox 889 3641 1004 3702; x_wconf 92' lang='lat' dir='ltr'><strong>ea,</strong></span> <span class='ocrx_word' id='word_1_216' title='bbox 1056 3638 1236 3706; x_wconf 88' lang='lat' dir='ltr'><strong>quae</strong></span> <span class='ocrx_word' id='word_1_217' title='bbox 1262 3626 1397 3684; x_wconf 91' lang='lat' dir='ltr'><strong>tres</strong></span> <span class='ocrx_word' id='word_1_218' title='bbox 1430 3640 1540 3684; x_wconf 89' lang='lat' dir='ltr'><strong>eas</strong></span> <span class='ocrx_word' id='word_1_219' title='bbox 1570 3641 1714 3685; x_wconf 91' lang='lat' dir='ltr'><strong>esse</strong></span> <span class='ocrx_word' id='word_1_220' title='bbox 1740 3618 2035 3702; x_wconf 85' lang='lat' dir='ltr'><strong>volebat,</strong></span> <span class='ocrx_word' id='word_1_221' title='bbox 2087 3618 2494 3712; x_wconf 80' lang='lat' dir='ltr'><strong>pervulgata</strong></span> <span class='ocrx_word' id='word_1_222' title='bbox 2524 3610 2689 3687; x_wconf 71' lang='lat' dir='ltr'><strong>erat.&#39;</strong></span> <span class='ocrx_word' id='word_1_223' title='bbox 2764 3617 2939 3686; x_wconf 81' lang='lat' dir='ltr'><strong>Vtar</strong></span> 
     </span>
     <span class='ocr_line' id='line_1_29' title="bbox 694 3720 2943 3812; baseline 0.001 -26"><span class='ocrx_word' id='word_1_224' title='bbox 694 3720 764 3786; x_wconf 90' lang='lat' dir='ltr'><strong>in</strong></span> <span class='ocrx_word' id='word_1_225' title='bbox 804 3720 1002 3790; x_wconf 88' lang='lat' dir='ltr'><strong>hanc</strong></span> <span class='ocrx_word' id='word_1_226' title='bbox 1030 3743 1173 3789; x_wconf 89' lang='lat' dir='ltr'><strong>rem</strong></span> <span class='ocrx_word' id='word_1_227' title='bbox 1219 3720 1422 3789; x_wconf 88' lang='lat' dir='ltr'><strong>trium</strong></span> <span class='ocrx_word' id='word_1_228' title='bbox 1460 3720 1647 3789; x_wconf 91' lang='lat' dir='ltr'><strong>idem</strong></span> <span class='ocrx_word' id='word_1_229' title='bbox 1702 3721 2067 3790; x_wconf 89' lang='lat' dir='ltr'><strong>dicentium</strong></span> <span class='ocrx_word' id='word_1_230' title='bbox 2109 3727 2706 3812; x_wconf 83' lang='lat' dir='ltr'><strong>grammaticorum</strong></span> <span class='ocrx_word' id='word_1_231' title='bbox 2749 3721 2943 3788; x_wconf 81' lang='lat' dir='ltr'><strong>testi-</strong></span> 
     </span>
    </p>
   </div>
   <div class='ocr_carea' id='block_1_12' title="bbox 693 3814 3090 3916">
    <p class='ocr_par' dir='ltr' id='par_1_12' title="bbox 693 3814 3090 3916">
     <span class='ocr_line' id='line_1_30' title="bbox 693 3814 3090 3916; baseline 0.001 -27"><span class='ocrx_word' id='word_1_232' title='bbox 693 3824 960 3907; x_wconf 87' lang='lat' dir='ltr'><strong>monio,</strong></span> <span class='ocrx_word' id='word_1_233' title='bbox 1009 3847 1147 3891; x_wconf 88' lang='lat' dir='ltr'><strong>non</strong></span> <span class='ocrx_word' id='word_1_234' title='bbox 1177 3825 1367 3914; x_wconf 87' lang='lat' dir='ltr'><strong>quod</strong></span> <span class='ocrx_word' id='word_1_235' title='bbox 1395 3846 1478 3893; x_wconf 88' lang='lat' dir='ltr'><strong>eo</strong></span> <span class='ocrx_word' id='word_1_236' title='bbox 1519 3846 1694 3915; x_wconf 87' lang='lat' dir='ltr'><strong>opus</strong></span> <span class='ocrx_word' id='word_1_237' title='bbox 1726 3848 1866 3893; x_wconf 86' lang='lat' dir='ltr'><strong>esse</strong></span> <span class='ocrx_word' id='word_1_238' title='bbox 1894 3833 2154 3916; x_wconf 88' lang='lat' dir='ltr'><strong>putem,</strong></span> <span class='ocrx_word' id='word_1_239' title='bbox 2205 3824 2328 3892; x_wconf 90' lang='lat' dir='ltr'><strong>sed</strong></span> <span class='ocrx_word' id='word_1_240' title='bbox 2369 3825 2561 3915; x_wconf 88' lang='lat' dir='ltr'><strong>quod</strong></span> <span class='ocrx_word' id='word_1_241' title='bbox 2608 3823 2767 3893; x_wconf 90' lang='lat' dir='ltr'><strong>inde</strong></span> <span class='ocrx_word' id='word_1_242' title='bbox 2809 3824 2942 3892; x_wconf 84' lang='lat' dir='ltr'><strong>ali·</strong></span> <span class='ocrx_word' id='word_1_243' title='bbox 2993 3830 2999 3835; x_wconf 83' lang='grc'><strong>’</strong></span> <span class='ocrx_word' id='word_1_244' title='bbox 3087 3814 3090 3816; x_wconf 46' lang='grc'>’</span> 
     </span>
    </p>
   </div>
   <div class='ocr_carea' id='block_1_13' title="bbox 695 3925 2998 4543">
    <p class='ocr_par' dir='ltr' id='par_1_13' title="bbox 695 3925 2998 4543">
     <span class='ocr_line' id='line_1_31' title="bbox 695 3925 2942 4018; baseline 0.002 -27"><span class='ocrx_word' id='word_1_245' title='bbox 695 3925 863 4013; x_wconf 88' lang='lat' dir='ltr'><strong>quid</strong></span> <span class='ocrx_word' id='word_1_246' title='bbox 906 3926 1075 3994; x_wconf 89' lang='lat' dir='ltr'><strong>lucri</strong></span> <span class='ocrx_word' id='word_1_247' title='bbox 1109 3926 1200 3993; x_wconf 92' lang='lat' dir='ltr'><strong>ad</strong></span> <span class='ocrx_word' id='word_1_248' title='bbox 1229 3927 1595 4016; x_wconf 86' lang='lat' dir='ltr'><strong>quemdam</strong></span> <span class='ocrx_word' id='word_1_249' title='bbox 1624 3926 2082 4000; x_wconf 88' lang='lat' dir='ltr'><strong>Eumenidum</strong></span> <span class='ocrx_word' id='word_1_250' title='bbox 2108 3927 2435 4018; x_wconf 76' lang='lat' dir='ltr'><strong>Aeschyli</strong></span> <span class='ocrx_word' id='word_1_251' title='bbox 2464 3929 2700 3998; x_wconf 89' lang='lat' dir='ltr'><strong>locum</strong></span> <span class='ocrx_word' id='word_1_252' title='bbox 2734 3949 2942 3998; x_wconf 85' lang='lat' dir='ltr'><strong>acce·-</strong></span> 
     </span>
     <span class='ocr_line' id='line_1_32' title="bbox 703 4027 2998 4131; baseline 0.001 -36"><span class='ocrx_word' id='word_1_253' title='bbox 703 4027 841 4113; x_wconf 86' lang='lat' dir='ltr'><strong>dit,</strong></span> <span class='ocrx_word' id='word_1_254' title='bbox 893 4027 1479 4119; x_wconf 89' lang='lat' dir='ltr'><strong>Harpocrationis,</strong></span> <span class='ocrx_word' id='word_1_255' title='bbox 1532 4030 1768 4101; x_wconf 89' lang='lat' dir='ltr'><strong>Photii</strong></span> <span class='ocrx_word' id='word_1_256' title='bbox 1783 4080 1805 4117; x_wconf 95' lang='lat'><strong>,</strong></span> <span class='ocrx_word' id='word_1_257' title='bbox 1876 4041 1944 4102; x_wconf 89' lang='lat' dir='ltr'><strong>et</strong></span> <span class='ocrx_word' id='word_1_258' title='bbox 1993 4030 2267 4131; x_wconf 83' lang='lat' dir='ltr'><strong>Suidae.</strong></span> <span class='ocrx_word' id='word_1_259' title='bbox 2370 4032 2468 4101; x_wconf 85' lang='lat' dir='ltr'><strong>Hi</strong></span> <span class='ocrx_word' id='word_1_260' title='bbox 2502 4032 2710 4124; x_wconf 81' lang='lat' dir='ltr'><strong>igitur</strong></span> <span class='ocrx_word' id='word_1_261' title='bbox 2749 4031 2819 4099; x_wconf 89' lang='lat' dir='ltr'><strong>in</strong></span> <span class='ocrx_word' id='word_1_262' title='bbox 2868 4052 2935 4098; x_wconf 83' lang='lat' dir='ltr'><strong>v.</strong></span> <span class='ocrx_word' id='word_1_263' title='bbox 2985 4062 2998 4073; x_wconf 87' lang='lat'>·</span> 
     </span>
     <span class='ocr_line' id='line_1_33' title="bbox 695 4124 2939 4264; baseline 0.003 -64"><span class='ocrx_word' id='word_1_264' title='bbox 695 4124 1097 4221; x_wconf 81' lang='grc' dir='ltr'><strong><em>Ευμενίδες</em></strong></span> <span class='ocrx_word' id='word_1_265' title='bbox 1149 4133 1243 4204; x_wconf 88' lang='lat' dir='ltr'><strong>sic</strong></span> <span class='ocrx_word' id='word_1_266' title='bbox 1299 4135 1624 4203; x_wconf 87' lang='lat' dir='ltr'><strong>scribunt·</strong></span> <span class='ocrx_word' id='word_1_267' title='bbox 1675 4128 2040 4224; x_wconf 75' lang='grc' dir='ltr'><strong><em>Αἰσχύλος</em></strong></span> <span class='ocrx_word' id='word_1_268' title='bbox 2089 4140 2166 4208; x_wconf 78' lang='grc' dir='ltr'><strong>ἐν</strong></span> <span class='ocrx_word' id='word_1_269' title='bbox 2213 4132 2665 4264; x_wconf 73' lang='grc' dir='ltr'><strong><em>Εὐμενίσιν,</em></strong></span> <span class='ocrx_word' id='word_1_270' title='bbox 2715 4160 2939 4207; x_wconf 64' lang='lat' dir='ltr'><strong>sonmo·</strong></span> 
     </span>
     <span class='ocr_line' id='line_1_34' title="bbox 696 4227 2939 4361; baseline 0.001 -55"><span class='ocrx_word' id='word_1_271' title='bbox 696 4227 800 4306; x_wconf 74' lang='grc' dir='ltr'><strong>τοὶ</strong></span> <span class='ocrx_word' id='word_1_272' title='bbox 843 4230 1009 4327; x_wconf 73' lang='grc' dir='ltr'><strong><em>περι</em></strong></span> <span class='ocrx_word' id='word_1_273' title='bbox 1050 4259 1205 4356; x_wconf 81' lang='grc' dir='ltr'><strong>την</strong></span> <span class='ocrx_word' id='word_1_274' title='bbox 1230 4243 1467 4329; x_wconf 72' lang='grc' dir='ltr'><strong><em>κρίσιν</em></strong></span> <span class='ocrx_word' id='word_1_275' title='bbox 1514 4264 1651 4361; x_wconf 81' lang='grc' dir='ltr'><strong>την</strong></span> <span class='ocrx_word' id='word_1_276' title='bbox 1678 4233 2072 4357; x_wconf 78' lang='grc' dir='ltr'><strong><em>Ὀρέστου,</em></strong></span> <span class='ocrx_word' id='word_1_277' title='bbox 2151 4237 2368 4333; x_wconf 84' lang='grc' dir='ltr'><strong><em>φησὶν</em></strong></span> <span class='ocrx_word' id='word_1_278' title='bbox 2425 4235 2516 4319; x_wconf 72' lang='grc' dir='ltr'><strong>ως</strong></span> <span class='ocrx_word' id='word_1_279' title='bbox 2565 4233 2613 4326; x_wconf 84' lang='grc' dir='ltr'><em>ἦ</em></span> <span class='ocrx_word' id='word_1_280' title='bbox 2657 4236 2939 4358; x_wconf 71' lang='grc' dir='ltr'><strong><em>Αθηνᾶ</em></strong></span> 
     </span>
     <span class='ocr_line' id='line_1_35' title="bbox 695 4328 2938 4465; baseline 0.001 -55.003"><span class='ocrx_word' id='word_1_281' title='bbox 695 4328 1090 4457; x_wconf 76' lang='grc' dir='ltr'><strong><em>πραῧνασα</em></strong></span> <span class='ocrx_word' id='word_1_282' title='bbox 1105 4362 1237 4417; x_wconf 87' lang='grc' dir='ltr'><strong>τας</strong></span> <span class='ocrx_word' id='word_1_283' title='bbox 1271 4332 1682 4434; x_wconf 81' lang='grc' dir='ltr'><strong><em>Εριννύας,</em></strong></span> <span class='ocrx_word' id='word_1_284' title='bbox 1702 4362 1874 4420; x_wconf 66' lang='lat' dir='ltr'><strong>were</strong></span> <span class='ocrx_word' id='word_1_285' title='bbox 1897 4366 2000 4436; x_wconf 88' lang='grc' dir='ltr'><strong>μη</strong></span> <span class='ocrx_word' id='word_1_286' title='bbox 2038 4340 2431 4428; x_wconf 53' lang='lat' dir='ltr'><strong>zcramnik*</strong></span> <span class='ocrx_word' id='word_1_287' title='bbox 2387 4365 2576 4465; x_wconf 61' lang='lat' dir='ltr'><strong>ssxfw</strong></span> <span class='ocrx_word' id='word_1_288' title='bbox 2591 4364 2772 4436; x_wconf 80' lang='grc' dir='ltr'><strong><em>προς</em></strong></span> <span class='ocrx_word' id='word_1_289' title='bbox 2797 4364 2938 4412; x_wconf 90' lang='grc' dir='ltr'><strong>τον</strong></span> 
     </span>
     <span class='ocr_line' id='line_1_36' title="bbox 695 4433 2940 4543; baseline 0.002 -32.054"><span class='ocrx_word' id='word_1_290' title='bbox 695 4433 1075 4538; x_wconf 71' lang='grc' dir='ltr'><strong><em>Ὀρέστην,</em></strong></span> <span class='ocrx_word' id='word_1_291' title='bbox 1126 4435 1541 4535; x_wconf 73' lang='grc' dir='ltr'><strong><em>Εὐμενίδας</em></strong></span> <span class='ocrx_word' id='word_1_292' title='bbox 1575 4435 1987 4538; x_wconf 77' lang='grc' dir='ltr'><strong><em>ω’νόμασεν·</em></strong></span> <span class='ocrx_word' id='word_1_293' title='bbox 2032 4440 2172 4516; x_wconf 77' lang='grc' dir='ltr'><strong><em>εἰσὶ</em></strong></span> <span class='ocrx_word' id='word_1_294' title='bbox 2200 4441 2279 4518; x_wconf 77' lang='grc' dir='ltr'><strong>δὲ</strong></span> <span class='ocrx_word' id='word_1_295' title='bbox 2316 4449 2533 4543; x_wconf 67' lang='grc' dir='ltr'><strong><em>τρεῖς,</em></strong></span> <span class='ocrx_word' id='word_1_296' title='bbox 2578 4434 2940 4542; x_wconf 72' lang='grc' dir='ltr'><strong>Ἀληιιτω,</strong></span> 
     </span>
    </p>
   </div>
  </div>
 </body>
</html>
