3325 5317
728 454 1009 516 REGIS
1064 455 2350 522 SOLEMNIBVS'SEMISAECVL.
2519 461 2649 527 848

418 629 613 696 firma
639 635 896 696 tantum
919 638 1239 718 maneret,
1290 627 1410 699 sed
1439 621 1640 697 etiam
1672 637 2054 721 augeretur,
2106 598 2459 725 maiorque
2485 653 2646 700 eva-

420 720 649 815 deret,
701 755 904 821 quam
933 733 1076 802 ulla
1117 734 1247 801 alia
1287 732 1356 799 in
1390 743 1594 821 parte
1639 731 2067 801 Germaniae.
2187 733 2370 818 Quin
2406 758 2492 804 ne
2533 759 2646 805 re·

416 835 803 903 centissimis
836 836 1114 925 quidem
1161 836 1616 927 temporibuS‚
1671 856 1881 925 quum
1918 844 2176 905 vastata
2219 846 2288 904 et
2326 837 2647 909 exhausta

414 938 711 1006 Saxonia
757 963 798 1006 a
838 940 1033 1009 sociis
1077 940 1331 1030 pariter
1370 946 1573 1027 atque
1610 939 1699 1007 ab
1741 938 2082 1024 hostibuS,
2109 948 2336 1029 -atque
2374 941 2657 1032 insuper,

416 1064 668 1133 magna
713 1052 791 1110 ’et
825 1043 896 1108 in
932 1043 1162 1133 primis
1204 1042 1293 1110 ad
1333 1042 1588 1109 reditus
1632 1043 1827 1111 uberi
1869 1052 2062 1133 parte
2103 1043 2485 1130 imminuta,
2553 1043 2643 1112 ad

413 1160 745 1213 'summam
777 1157 945 1213 esset
970 1146 1304 1213 miseriam
1336 1145 1646 1231 redacta,
1698 1168 2084 1235 novumque
2109 1150 2183 1214 'et
2208 1147 2382 1214 illud
2409 1147 2646 1239 ingens
2721 1220 2727 1224 ,

411 1257 828 1317 contractum
860 1258 1027 1316 esset
1052 1273 1163 1318 aes
1190 1250 1499 1336 alienum,
1553 1259 1668 1316 aut
1698 1250 1939 1318 civium
1970 1250 2141 1316 dura
2171 1249 2299 1318 fuit
2326 1251 2645 1336 conditio,

413 1360 530 1418 aut
571 1350 660 1419 de
715 1340 857 1419 fide
904 1352 1185 1422 civitatis
1222 1352 1593 1441 quidquam
1636 1340 2014 1422 detractum
2057 1359 2187 1438 est,
2255 1353 2464 1422 immo
2506 1348 2672 1421 non⁸

409 1455 628 1523 'minus
649 1453 912 1546 integra
941 1465 1115 1523 stant
1139 1457 1398 1541 omnia,
1452 1479 1656 1544 quam
1688 1457 1745 1523 si
1769 1455 2079 1524 diuturna
2113 1477 2289 1546 pace
2333 1479 2414 1526 ac
2442 1456 2643 1549 pros-‘-

407 1558 708 1649 perrima
739 1581 780 1624 a
808 1559 1036 1626 multis
1063 1560 1244 1627 annis
1278 1559 1550 1626 fortuna
1583 1582 1871 1657 essemus
1903 1560 2023 1627 usi.
2105 1559 2435 1629 Nimirum
2468 1561 2640 1629 dua-

407 1661 541 1729 bus
566 1661 684 1729 ille
714 1659 855 1732 hoc
890 1663 1139 1730 artibus
1168 1661 1436 1747 effecit,
1489 1684 1642 1747 una,
1696 1661 1886 1751 quod
1914 1663 2122 1730 fidem
2155 1662 2224 1729 in
2251 1664 2451 1732 rebus
2487 1685 2640 1732 om-

405 1764 604 1831 nibus
671 1766 1190 1833 constantissime
1259 1766 1575 1850 servavit,
1653 1766 1748 1833 ita
1815 1775 1930 1850 ut,
2037 1765 2227 1854 quod
2291 1766 2636 1863 Saxonum

406 1867 562 1935 Rex
603 1869 1078 1971 promississet,
1145 1879 1331 1938 certo
1378 1879 1596 1937 ratum
1643 1868 1795 1936 fore
1824 1877 1890 1936 et
1918 1868 2094 1936 cives
2127 1878 2196 1937 et
2232 1870 2439 1937 exteri
2474 1892 2643 1940 con·-

281 2038 286 2042 .
405 1969 726 2052 fiderent3
795 1972 1007 2039 altera
1069 1971 1258 2059 quod
1320 1972 1498 2039 bene
1559 1971 1981 2040 intellexerat
1996 2020 2017 2058 ,
2101 1973 2341 2061 quibus
2411 1957 2641 2045 limiti-

404 2074 534 2142 bus
566 2096 639 2141 se
693 2074 1034 2143 continere
1094 2073 1378 2142 deberet
1418 2073 1725 2144 officium
1765 2074 2122 2171 principiS,
2191 2075 2249 2142 si
2298 2095 2447 2142 ιιοιι
2486 2098 2640 2147 mo·-

407 2176 502 2244 do
551 2178 804 2244 salvam
856 2200 996 2246 esse
1032 2178 1563 2268 rempublicam,
1631 2177 1754 2246 sed
1811 2176 2011 2244 etiam
2056 2177 2306 2266 opibus
2370 2187 2440 2245 et
2480 2179 2638 2246 feli-

408 2280 610 2350 citate
649 2281 896 2349 civium
945 2281 1190 2349 florere
1235 2281 1467 2352 vellet.
1626 2281 1766 2366 Qui
1808 2279 1863 2346 si
1905 2282 2288 2370 quisquam
2313 2279 2514 2366 aliuS,
2564 2279 2639 2351 id

407 2384 667 2475 optime
694 2385 970 2476 singulis
995 2384 1189 2453 factis
1233 2385 1363 2452 suis
1407 2384 1736 2468 ostendit,
1787 2406 1923 2451 non
1971 2383 2305 2454 civitatem
2350 2383 2641 2475 principi

404 2488 686 2573 servire,
772 2484 909 2555 sed
942 2487 1321 2579 principem
1381 2488 1657 2556 civitatis
1704 2511 1936 2558 caussa
1990 2510 2128 2554 esse
2190 2480 2638 2555 constitutum.

408 2589 619 2674 Quod
651 2590 769 2658 etsi
797 2590 1010 2659 hodie
1038 2591 1312 2680 quidem
1345 2612 1546 2658 nemo
1582 2598 1683 2658 est
1710 2591 1826 2680 qui
1855 2591 2136 2658 dubium
2178 2612 2319 2657 esse
2349 2598 2638 2682 censeat,

404 2694 673 2761 tamen
655 2717 803 2784 lpsa
830 2695 1110 2763 civitatis
1137 2694 1613 2762 administratio
1641 2694 1734 2761 ita
1759 2701 1984 2784 potest
2010 2693 2301 2760 instituta
2331 2716 2492 2778 esse,
2537 2701 2635 2778 ut,

406 2798 608 2864 etiam
639 2799 693 2864 si
720 2799 941 2867 verbis
972 2798 1371 2867 contrarium
1402 2821 1570 2889 prae
1608 2821 1681 2865 se
1724 2797 1931 2882 ferat,
2001 2820 2075 2865 re
2120 2805 2345 2863 tamen
2376 2795 2631 2886 princi-
2646 2800 2731 2864 13

403 2923 568 2992 pem
613 2900 965 2969 dominum
1009 2902 1216 2970 faciat
1250 2902 1531 2986 civium,
1586 2901 1677 2968 ad
1710 2924 1914 2990 quem
1960 2899 2493 2986 sustentandum,
2546 2897 2639 2967 ad

403 3005 592 3073 cuius
632 3004 943 3072 libidines
993 3005 1398 3096 explendaS,
1469 3003 1561 3072 ad
1615 3005 1799 3074 cuius
1838 2996 2209 3094 potentiam
2233 3028 2236 3033 >
2256 3001 2640 3094 augendam

402 3129 573 3197 opes
604 3109 910 3197 viresque
938 3107 1509 3178 civium0conferri
1545 3096 1747 3196 atque
1779 3108 2061 3228 absumi,
2116 3107 2425 3194 civesque
2457 3105 2638 3197 ipsos

400 3233 539 3291 ιιοιι
572 3234 689 3280 sua
718 3214 1021 3304 ipsorum
1069 3235 1336 3296 caussa,
1387 3211 1509 3279 sed
1554 3221 1627 3278 ut
1670 3211 1965 3303 principi
2006 3210 2160 3277 satis
2200 3210 2426 3280 facere
2468 3230 2638 3299 pos-

402 3316 532 3381 sint
550 3362 570 3398 ,
619 3316 963 3407 prosperis
1004 3317 1203 3384 rebus
1245 3317 1346 3385 uti
1387 3316 1571 3384 velit.
1692 3315 1901 3404 Atqui
1941 3313 2307 3406 plurimum
2345 3314 2637 3395 interest,

404 3418 590 3486 cuius
639 3421 1133 3488 necessitatibus
1182 3419 1494 3489 inserviat
1537 3419 1765 3489 civitas
1782 3467 1802 3504 ,
1856 3417 2070 3485 suisne
2088 3467 2109 3505 ,
2154 3439 2241 3484 an
2281 3414 2640 3507 principis:
2701 3490 2714 3499 ι

402 3521 596 3641 quia,
649 3522 702 3588 si
729 3522 880 3606 suis,
932 3544 1070 3589 non
1111 3530 1336 3612 potest
1380 3545 1516 3589 non
1565 3522 1655 3589 ad
1705 3522 2071 3589 maximum
2118 3520 2362 3586 florem
2402 3516 2638 3596 evehi;
2674 3521 2682 3533 '

398 3626 504 3692 sin
531 3624 874 3716 principis,
927 3625 1092 3714 quid
1123 3626 1330 3709 aliud,
1383 3642 1609 3714 quam,
1635 3646 1847 3713 quum
1878 3623 2403 3704 omnia‘incena,
2433 3614 2636 3705 fluxa,

398 3729 747 3797 mutabilia
800 3729 962 3814 sint,
1029 3730 1234 3798 serius
1278 3728 1463 3797 ocius
1499 3729 1693 3819 gravi
1733 3724 2180 3796 vicissitudine
2224 3746 2264 3791 e
2304 3718 2635 3814 specioso,

399 3831 521 3900 sed
551 3834 730 3899 inani
761 3832 1164 3922 splendore,
1215 3833 1591 3910 labantibus
1634 3829 2123 3922 fundamentis,
2176 3826 2491 3896 concidet
2529 3833 2637 3892 at-

403 3957 537 4024 que
571 3936 885 4005 corruet?
936 3936 1163 4024 qualia
1191 3959 1403 4024 quum
1433 3935 1565 4001 alia
1599 3934 2006 4017 exstiterunt,
2058 3932 2201 3998 tum
2233 3939 2459 4000 nostra
2483 3951 2637 3997 me·-

403 4039 620 4104 moria
642 4040 1152 4108 illustrissimum
1181 4028 1569 4129 exemplum
1601 4037 1857 4105 fractae
1890 4036 2248 4104 Gallorum
2272 4036 2637 4101 immensae

401 4140 764 4231 potentiae.
870 4142 1097 4227 Quam
1140 4143 1352 4234 longe
1397 4139 1529 4209 alia
1570 4147 1797 4209 mente
1834 4140 2181 4210 Saxoniae
2202 4161 2307 4207 res
2346 4135 2635 4204 admini-

405 4246 634 4312 stravit
662 4246 851 4312 R1-:x
840 4254 1127 4329 noster,
1180 4244 1297 4335 qui
1343 4252 1834 4336 praeterquam
1867 4242 2060 4347 quod
2098 4242 2189 4309 ad
2235 4240 2635 4332 dignitatem

405 4348 649 4416 domus
673 4351 907 4440 regiae
934 4346 1275 4417 tuendam
1286 4349 1731 4418 necessarium
1761 4356 1954 4433 esset,
2003 4344 2173 4413 nihil
2198 4345 2323 4413 sibi
2353 4341 2500 4408 dari
2527 4341 2634 4406 la-

401 4453 800 4542 borarique,
867 4472 1003 4520 non
1037 4472 1191 4521 suas
1239 4474 1445 4544 opeS‚
1510 4475 1700 4522 suam
1742 4450 2115 4546 potentiam
2169 4470 2252 4519 ex
2302 4442 2636 4529 molestia,
