3325 5317
715 446 846 511 ιω
1597 417 2082 506 semrom

943 911 1426 995 musrom‘
1475 923 1610 995 An
1658 923 1813 994 Fn.
1864 879 2591 993 nNDEMANNvM
2641 885 2743 1015 ιι).

578 1275 712 1339 39⁸1
925 1264 1146 1338 Recte
1174 1267 1428 1353 fecisti,
1475 1268 1581 1336 vir
1628 1266 2189 1358 praestantissime
2207 1313 2228 1352 ,
2280 1264 2473 1355 quod
2503 1287 2615 1333 me
2649 1263 2965 1357 longiore

715 1367 1000 1459 epistola
1036 1370 1128 1438 ad
1153 1369 1584 1458 scribendum
1612 1371 1932 1439 excitasti.
2035 1371 2211 1440 Nam
2252 1392 2393 1459 quo
2421 1368 2592 1437 mihi
2625 1369 2782 1459 plus
2813 1391 2962 1435 ma—

709 1473 920 1541 teriae
952 1473 1042 1541 ad
1076 1474 1511 1545 scribendum
1545 1476 1948 1567 praebetur,
1999 1482 2188 1540 tanto
2218 1483 2285 1541 et
2310 1474 2500 1564 prius
2541 1480 2609 1541 et
2630 1471 2960 1544 ‚libentius

708 1576 1117 1669 respondeo.
1221 1578 1402 1648 Sane
1462 1579 1533 1645 in
1576 1578 1800 1646 verbis
1841 1577 2196 1661 Prisciani,
2278 1600 2453 1666 quae
2516 1584 2752 1667 aperta
2812 1581 2963 1644 sunt

711 1681 902 1765 vitia,
953 1689 1030 1748 ut
1073 1685 1308 1771 χειλια
1346 1679 1469 1771 **)
1485 1734 1515 1770 ,
1571 1684 1793 1775 δρυτο
1827 1679 1995 1770 ***)
2019 1729 2040 1769 ,
2089 1678 2280 1748 haud
2324 1689 2717 1750 cunctanter
2748 1676 2962 1746 corri-

713 1807 884 1877 gere
920 1793 1216 1875 potetas.
1293 1782 1439 1852 Sed
1482 1780 1786 1857 nem-olm
1823 1784 1989 1857 δέκα
2028 1806 2151 1852 cur
2186 1807 2337 1852 non·
2363 1793 2652 1853 mutasse
2684 1792 2754 1851 te
2782 1804 2958 1873 poe-

713 1888 922 1955 niteat
960 1884 1208 1979 ****),
1277 1910 1416 1955 non
1459 1879 1702 1972 rideo,
1784 1909 1996 1976 quum
2061 1883 2366 1960 πιντᾶκι
2424 1886 2713 1955 'defendi
2756 1906 2960 1977 posse

712 1988 1038 2059 videatur.
1154 1991 1238 2059 ln
1290 1991 1415 2058 illo
1461 2012 1598 2058 non
1655 1990 1867 2059 ausim
1910 1991 2036 2058 tibi
2084 1991 2411 2076 assentiri,
2476 1989 2665 2080 quod
2735 2014 2958 2061 κατε-

714 2086 937 2168 κοέετο
990 2090 1245 2185 *****)
1299 2093 1733 2163 Herodotum
1766 2094 2103 2185 scripsisse
2128 2104 2345 2185 putas.
2447 2093 2633 2163 Mihi
2657 2092 2799 2163 hoc
2829 2093 2960 2160 At-

709 2196 923 2266 ticum
972 2198 1238 2289 potius,
1309 2207 1377 2266 et
1417 2197 1714 2291 vulgaris
1774 2198 2051 2288 quidem
2109 2198 2432 2266 sermonis
2482 2201 2624 2267 esse
2672 2196 2958 2265 videtur.

713 2301 796 2368 In
836 2301 958 2370 illo
996 2304 1194 2385 loco,
1246 2302 1365 2391 qui
1393 2310 1494 2371 est
1523 2324 1597 2394 p.
1635 2299 1810 2370 217.
1842 2302 2227 2431 praeferam
2270 2300 2587 2391 equidem
2623 2298 2961 2394 posterio-

710 2427 856 2474 rem
891 2405 1345 2482 coniecturam
1379 2416 1604 2491 tuam,
1657 2397 2011 2500 καθάπερ
2033 2404 2248 2503 φησιν
2280 2399 2695 2501 Ἡρόδοτος
2735 2409 2815 2477 ἐν
2852 2397 2960 2495 τῷ

712 2535 877 2632 περι
907 2508 1295 2602 μουσικῆς,
1351 2508 1427 2591 ὃς
1473 2510 1800 2606 ἐπιφέρει
1857 2507 2114 2631 τρίτον
2159 2503 2557 2604 ἦμιιῑόδιον
2606 2504 2775 2582 α’ντὶ
2820 2500 2959 2579 τοῦ

714 2605 843 2684 δύο
889 2610 1114 2710 ἥμισυ
1145 2607 1391 2695 πόδες,
1442 2611 1779 2707 προςθεις
1808 2604 1903 2685 τό
1914 2665 1942 2700 ,
1996 2614 2073 2685 ἐν
2114 2612 2191 2684 δὲ
2220 2603 2750 2706 Βατουσιοῖὃης.
2816 2605 2960 2676 Sed
2996 2637 3000 2642 ·

708 2713 868 2783 vide
903 2739 988 2783 ne
1017 2714 1232 2783 multo
1260 2714 1475 2784 lenius
1509 2716 1924 2807 corrigatur,
1963 2707 2300 2837 καθάπερ
2335 2714 2555 2812 φησιν
2580 2704 2954 2789 Ἠλιόδω-

712 2842 865 2913 ρος,
902 2817 980 2898 ὃς
1002 2815 1338 2914 προςθεις
1367 2845 1484 2907 το,
1536 2822 1615 2891 ἐν
1641 2819 1719 2891 δὲ
1753 2809 2288 2914 Βατουσιοῖδης.
2323 2823 2400 2890 ἐν
2425 2817 2534 2913 τῷ
2562 2815 2730 2912 περὶ
2757 2840 2958 2908 μου-

714 2919 952 3016 σικῆς,
1006 2922 1333 3017 ἐπιφέρει
1373 2930 1442 2989 et
1477 2922 1759 3011 reliqua.
1862 2920 2041 2988 Puto
2072 2928 2293 2989 autem
2329 2943 2464 3012 ego
2502 2920 2956 2990 Heliodorum

575 3020 836 3092 298hic
864 3023 1091 3108 citari,
1141 3024 1499 3093 metricum
1526 3025 1720 3094 illum
1744 3072 1765 3110 ,
1824 3046 2028 3113 quem
2067 3024 2213 3092 veri
2256 3024 2475 3092 simile
2511 3032 2644 3108 est,
2697 3044 2958 3113 cogna-

710 3134 858 3194 tum
895 3127 996 3194 rei
1034 3127 1358 3197 metricae
1399 3139 1873 3221 argumentum
1886 3175 1908 3213 ,
1959 3126 2283 3196 musicam
2332 3149 2611 3217 quoque
2639 3125 2956 3217 attigisse.

711 3230 819 3299 Ac
860 3228 1099 3298 suadet
1139 3228 1283 3300 hoc
1312 3230 1515 3299 etiam
1548 3231 2105 3303 commemoratio
2139 3230 2338 3323 pedis
2380 3230 2674 3321 metrici,
2728 3251 2957 3299 exem-

795 3569 855 3658 *)
900 3572 1067 3635 Haec
1102 3572 1391 3654 epistola,
1451 3591 1606 3653 quae
1649 3592 1775 3632 nou
1815 3581 1945 3634 erat
1976 3572 2215 3672 ,scripta
2248 3580 2317 3632 ut
2349 3571 2658 3650 ederetur,
2703 3572 2779 3633 ab
2815 3572 2955 3633 Lin-

713 3658 1009 3719 demanno
1056 3658 1290 3719 adiecta
1338 3666 1429 3718 est
1473 3658 1722 3718 editioni
1770 3653 2024 3738 operur'n
2067 3659 2365 3721 minorum
2418 3657 2744 3737 Prisciani,
2807 3677 2956 3738 quae

712 3744 941 3825 prodiit
977 3744 1661 3824 Lugd.Bat.a.1818.
1751 3742 1870 3804 Sed
1916 3743 2072 3803 edita
2121 3743 2337 3821 semel,
2383 3764 2506 3803 non
2534 3741 2859 3808 videbatur
2894 3743 2955 3802 in

712 3826 927 3888 horum
963 3831 1400 3928 opusculorum
1436 3829 1795 3891 collectione
1821 3828 2152 3891 omittenda
2182 3849 2328 3895 esse.

797 3977 885 4061 **)
928 3981 1073 4061 Pag.
1116 3986 1268 4048 203.

797 4129 919 4218 ***)
959 4133 1103 4212 Pag.
1146 4137 1294 4201 208.

802 4280 954 4366 ****)
995 4285 1136 4365 Pag.
1182 4290 1334 4355 202.
1381 4288 1590 4366 confer
1634 4311 1702 4373 p.
1744 4293 1891 4359 873.

809 4434 998 4526 *****)
1040 4440 1181 4521 Peg.
1227 4445 1379 4511 208.
