3325 5317
643 455 732 520 ω
768 451 872 512 m:
894 449 1143 511 mem.
1170 447 1530 526 vavsu.
1561 448 1848 514 svssm.
1873 431 2259 512 sstmoms
2281 447 2576 512 nomm
2604 450 2790 514 mss,
2811 450 2884 516 11.

647 627 828 724 ρέτα
869 617 1085 706 Ζεύς·
1126 623 1229 698 ἔκ
1283 650 1333 695 τ
1421 592 1688 717 ἔφανεν
1751 621 1985 696 πᾶσαι
2041 619 2334 697 σκοπιαὶ
2393 619 2512 697 καὶ
2566 616 2882 718 πρώονες

647 730 903 853 ἄιιροι,
952 726 1074 802 καὶ
1114 719 1377 800 νᾶπαι·
1432 719 1844 820 οὐρανόθεν
1891 720 1949 799 δ’
1997 721 2126 820 ἄρ
2157 718 2528 824 υπερρἄγη
2567 724 2880 808 ἄσπετος

648 825 903 931 αἰθήρ.
1000 828 1134 901 Vel
1174 828 1266 897 ad
1309 826 1837 899 declarationem
1891 827 2449 919 praecedentium
2494 828 2881 915 adhibetur,

647 944 726 1005 ut
771 933 943 1030 β.4
891 927 1064 1004 455
1120 927 1297 1032 ἡυτε
1352 930 1499 1026 πῦρ
1546 928 1846 1029 ἄιδηλον
1892 932 2261 1028 ἐπιφλέγει
2318 929 2638 1005 ἄσπετον
2695 928 2872 1027 ὕλην

652 1037 904 1135 οὔρεος
935 1041 1013 1113 ἐν
1006 1033 1398 1167 κορυφῇς·
1451 1041 1721 1109 ἕκαθεν
1765 1035 1857 1108 δέ
1893 1062 1978 1107 τε
2023 1034 2365 1131 φαίνεται
2377 1027 2609 1159 αὐγή,
2662 1037 2724 1108 δ.
2754 1030 2877 1103 Ἰ5.

651 1141 814 1216 οἷον
859 1137 932 1215 δ’
976 1136 1251 1236 ἄστε’ρα
1295 1133 1420 1230 ἧκε
1463 1131 1769 1267 Καράνου
1811 1142 1979 1219 παῖς
2025 1131 2565 1233 ἀγκυλομήτεω,
2618 1135 2665 1233 ἢ
2694 1131 2879 1212 ναό-

649 1271 820 1342 τῃσι
844 1243 1101 1365 τερας,
1150 1238 1232 1338 ἠὲ
1259 1241 1553 1338 στρατῷ
1581 1237 1784 1336 εὐρέι
1806 1239 2039 1329 λαῶν,
2092 1234 2464 1337 λαμπρόν·
2505 1239 2646 1313 τοῦ
2677 1241 2761 1315 δέ
2787 1268 2874 1315 τε

647 1346 903 1422 πολλοι
950 1340 1100 1420 ἄπο
1144 1343 1536 1439 σπινθῆρες
1577 1350 1834 1416 ἵενται.
1888 1338 2060 1411 275.
2114 1369 2205 1424 ως
2237 1338 2310 1416 δ’
2355 1339 2478 1416 ὅτ
2522 1336 2674 1417 ἄπό
2718 1369 2879 1416 σκο-

647 1449 815 1571 πιῆς
868 1446 1053 1523 εἶδεν
1096 1449 1311 1543 νέφος
1363 1442 1659 1526 αἰπόλος
1702 1438 1885 1542 ἄνηρ
1930 1439 2327 1569 ἐρχόμενον
2376 1474 2565 1520 κατα
2602 1438 2892 1569 πόντον,

645 1546 793 1627 ὖπό
820 1544 1193 1649 Ζεφίροιο
1223 1548 1423 1646 ἰωῆς’
1466 1549 1574 1643 τῷ
1609 1550 1695 1622 δέ
1731 1576 1779 1620 τ
1858 1546 2175 1624 ἄνευθεν
2205 1541 2402 1622 ἐόντι
2433 1541 2882 1644 μελάντερον

647 1649 827 1754 ηὐτε
858 1653 1081 1727 πίσσα
1120 1648 1410 1774 φαίνετ
1442 1647 1573 1726 ’ἰόν
1611 1678 1801 1724 κατα
1829 1644 2139 1725 πόντον·
2193 1649 2355 1773 ἄγει
2386 1645 2466 1725 δέ
2503 1679 2585 1725 τε
2615 1655 2881 1725 λαιλα-

647 1786 754 1831 πα
788 1749 1096 1852 πολλήν
1140 1748 1431 1853 ρίγησὲν
1469 1782 1552 1829 τε
1601 1747 1807 1839 ἰδών,
1859 1748 2002 1827 υπό
2029 1782 2110 1827 τε
2144 1745 2359 1835 σπέος
2396 1751 2631 1851 ἤλασέ
2656 1754 2876 1851 μῆλα

647 1861 793 1931 Sed
818 1860 982 1950 quid
1012 1859 1376 1948 exempla
1358 1882 1430 1927 m
1454 1856 1846 1927 huiusmodi
1881 1879 1957 1927 re
1986 1880 2350 1949 congeram
2365 1905 2386 1943 ‚
2439 1880 2648 1947 quum
2674 1879 2884 1947 prae-

647 1965 874 2033 sertim
913 1961 1285 2032 verendum
1322 1962 1403 2030 sit
1419 2011 1439 2048 ‚
1490 1986 1577 2031 ne
1617 1962 1728 2030 vel
1760 1961 1857 2030 sic
1885 1960 2098 2030 multa
2128 1960 2460 2030 attulerim
2476 2008 2498 2047 ‚
2548 1983 2725 2050 quae
2767 1959 2896 2027 ‹ii--

645 2069 975 2160 ligentem
1013 2065 1302 2137 Homeri
1347 2066 1678 2136 lectorem
1722 2086 1860 2132 non
1912 2064 2184 2132 lateant.
2299 2065 2367 2133 Ν
2368 2087 2459 2134 on
2510 2062 2889 2155 poenitebit

649 2195 761 2241 me
790 2181 1018 2239 tamen
1049 2168 1229 2239 haec
1254 2169 1587 2261 attigisse,
1637 2169 1692 2236 si
1715 2166 1890 2235 illud
1921 2167 2241 2253 effecero,
2293 2176 2369 2235 ut
2408 2190 2496 2236 ne
2527 2167 2675 2257 quis
2705 2168 2885 2242 ,iusto

649 2275 933 2347 calidius
976 2272 1066 2342 de
1098 2271 1243 2342 hoc
1296 2295 1551 2364 genere
1595 2271 2015 2363 pronunciet.
2116 2270 2330 2357 Quod
2358 2272 2415 2340 si
2439 2270 2560 2340 hic
2590 2271 2753 2356 illic,
2806 2278 2882 2341 ut

647 2379 821 2450 mihi
858 2377 1161 2463 videtur,
1206 2375 1464 2447 factum
1509 2384 1609 2445 est
1644 2399 1687 2443 a
1729 2372 2175 2460 Thierschio‚
2225 2396 2363 2443 non
2405 2398 2553 2443 sum
2596 2373 2879 2461 nesciuS,

649 2482 971 2555 accidisse
1025 2481 1099 2549 id
1169 2481 1415 2550 obruto
1489 2480 1945 2569 distractoque
2014 2501 2266 2572 magna
2325 2480 2755 2570 negotiorum
2812 2485 2881 2544 et

644 2585 1069 2658 multitudine
1121 2593 1188 2653 et
1248 2586 1565 2654 varietate
1581 2633 1602 2669 ‚
1682 2592 1757 2651 ut
1815 2583 1933 2672 qui
1967 2567 2477 2652 saluberrimum
2520 2579 2888 2672 susceperit

648 2714 823 2783 opus
860 2686 1323 2758 imtaurandi
1305 2711 1376 2756 ιιι
1413 2688 1707 2755 Bavaria
1751 2687 1999 2754 strenui
2053 2686 2470 2775 antiquarum
2512 2686 2882 2754 litterarum
2917 2709 2923 2728 ⁸
2955 2713 2964 2734 ·

648 2785 889 2862 studiii
931 2790 1122 2881 quod
1154 2812 1328 2880 opus
1357 2812 1696 2859 successus
1720 2786 1977 2858 habere
2006 2788 2444 2874 felicissimoS,
2494 2788 2883 2880 egregiam-

646 2920 783 2987 que
820 2896 1231 2963 iuventutem
1274 2893 1428 2962 navi
1466 2903 1534 2961 et
1569 2891 1873 2960 industrii
1914 2891 2103 2961 ducis
2133 2893 2407 2963 solertia
2433 2893 2883 2979 efflorescere,

650 3001 806 3069 satis
850 2999 1029 3069 Acta
1071 2998 1197 3066 illa
1218 3005 1544 3067 testantur
1575 2995 2038 3070 Monacensia.
