3325 5317
902 476 1356 543 MEnszA
1408 475 2008 540 RHYTHMICA.
2446 481 2576 545 ῙΙΠ

334 654 486 739 bat,
535 650 858 773 quoniam
898 648 972 719 in'
1013 672 1324 720 sermone
1346 648 1542 720 'dnae
1570 659 1837 720 tantum
1865 672 2215 721 mensurae
2244 673 2570 746 usurpan-

330 765 439 826 tur
453 804 474 843 ‚
553 754 623 841 in
675 756 834 824 solis
892 753 1190 847 duplicis
1251 756 1604 825 mensurae
1655 756 2081 825 varietatibus
2144 757 2578 840 consistebat3

330 859 721 950 rhythmica
784 866 1014 929 autem
1027 906 1047 944 ‚
1128 880 1307 948 quae
1361 857 1453 927 ad
1521 867 1794 930 cantum
1872 859 2288 950 pertinebat,
2369 883 2581 950 quum
2703 843 2709 849 ²

330 986 795 1033 mensurarum
846 963 1173 1033 maiorem
1234 948 1539 1031 habebat
1597 962 1987 1030 varietatem
2002 1011 2022 1048 ‚
2088 971 2235 1032 tum
2290 963 2583 1055 pedibus

334 1066 649 1137 utebatur
687 1076 757 1135 et
798 1065 943 1133 aliis
992 1074 1063 1134 et
1114 1066 1310 1134 aliter
1345 1065 1766 1135 consociatis.
1863 1066 2035 1135 Inde
2065 1067 2387 1137 metricae
2428 1067 2582 1136 artis

332 1171 660 1263 propriae
708 1168 1153 1262 perhibentur
1183 1168 1675 1260 ‘productiones
1733 1169 2327 1260 correptionesque
2371 1172 2582 1261 sylla-

332 1275 574 1344 barum
590 1321 611 1360 ,
680 1283 750 1343 et
788 1271 1247 1365 longitudines
1290 1294 1373 1342 ac
1417 1273 1807 1353 brevitates3
1856 1271 2285 1363 rhythmicae
2332 1283 2580 1361 autem,

329 1377 679 1446 tarditates
723 1399 807 1448 ac
851 1372 1249 1449 celeritates.
1351 1375 1531 1443 Nam
1582 1376 2004 1467 Porphyrius
2045 1399 2118 1467 p.
2148 1375 2324 1445 239.
2369 1378 2426 1446 si
2470 1376 2583 1448 cui

331 1479 815 1574 productiones
853 1479 1268 1570 syllabarum
1308 1487 1378 1548 et
1407 1479 1872 1569 correptiones
1912 1480 2005 1548 ad
2031 1479 2434 1571 rhythmum
2454 1505 2582 1552 ,ιο-

330 1586 516 1654 ferre
565 1584 909 1670 videatur,
989 1582 1167 1653 nihil
1217 1581 1346 1651 nisi
1409 1583 1869 1675 negligentius
1932 1583 2124 1674 loqui
2181 1584 2581 1677 scriptorem

329 1682 528 1758 illum
541 1734 566 1773 ,κ
627 1688 865 1757 ordine
905 1687 1122 1755 minus
1169 1687 1528 1755 observato
1542 1734 1565 1772 ‚
1631 1695 1701 1754 et
1758 1711 1866 1756 res
1911 1687 2057 1778 ipsa
2074 1735 2095 1774 ‚
2168 1697 2238 1757 et
2292 1688 2581 1756 aliorum

331 1793 741 1882 scriptorum
787 1791 925 1862 loci
940 1838 961 1877 ,
1012 1802 1087 1858 ut
1128 1789 1472 1859 Manuelis
1514 1790 1842 1880 Bryennii
1886 1814 1960 1883 p.
1995 1787 2171 1859 5⁰2.
2216 1800 2283 1860 et
2322 1792 2581 1861 Suidae

329 1894 402 1963 in
455 1918 523 1963 v.
570 1888 901 1994 ῥυθμός,
971 1894 1239 1973 'docere
1285 1902 1627 1986 poterunt.
1743 1894 1934 1980 Quot
1986 1903 2214 1963 autem
2258 1894 2582 1965 mensuris

331 1997 707 2089 rhythmici
745 1997 848 2066 usi
887 1997 1045 2083 sint,
1128 2020 1266 2066 non
1320 2007 1420 2067 est
1465 1997 1787 2067 traditum
1834 2000 1924 2067 ab
1971 1999 2272 2088 antiquis.
2403 2000 2584 2068 Nam

331 2101 644 2172 Aristidis
689 2101 1081 2186 Quintiliani
1125 2102 1337 2175 verba
1378 2121 1453 2192 Ρ.
1492 2100 1615 2168 33
1668 2095 2026 2184 σύνθετος
2070 2104 2158 2175 δέ
2192 2106 2352 2175 ἔστι
2396 2096 2583 2198 χρό-

304 2231 495 2295 Ινος,
553 2202 598 2279 o‘
632 2207 1090 2300 διαιρεῖσθαι
1137 2199 1578 2297 δυνάμενος·
1630 2197 1920 2277 τούτων
1953 2204 2030 2278 δὲ
2066 2201 2109 2276 ὁ
2141 2205 2280 2297 μὲν
2311 2208 2580 2277 διπλα-

331 2307 509 2382 σίων
537 2307 702 2382 ἐστὶ
722 2307 877 2381 τοῦ
874 2332 1225 2438 πρωτου·
1281 2305 1324 2381 ὁ
1358 2307 1464 2397 δὲ,
1517 2306 1996 2404 τριπλασίων
2050 2303 2095 2380 o‘
2127 2308 2243 2397 δὲ,
2302 2332 2582 2429 τετρα-

333 2409 692 2485 πλασίων·
789 2411 1010 2506 μέχρι
1068 2403 1208 2506 γαρ
1272 2403 1625 2506 τετράδος
1680 2410 2053 2506 προῆλθεν
2114 2407 2158 2483 ὁ
2221 2403 2583 2506 ρυθμικος

333 2507 469 2611 χρό
473 2539 629 2603 νος,
669 2534 939 2583 vereor
976 2536 1064 2583 ne
1103 2513 1361 2605 pariter
1407 2522 1612 2604 atque
1653 2536 1769 2598 ea,
1818 2535 1997 2603 quae
2021 2512 2392 2581 Martianus
2435 2511 2636 2583 Ca-5

331 2617 525 2709 pella
572 2641 645 2710 Ρ
691 2614 864 2685 194.
916 2616 1115 2702 dicit,
1169 2615 1260 2684 ad
1296 2616 1417 2683 illa
1447 2614 1860 2710 pertineant,
1912 2638 2088 2706 qnae
2131 2616 2318 2685 idem
2343 2604 2568 2685 Aristi·

334 2719 461 2788 des
501 2743 576 2811 p.
620 2716 743 2788 45.
790 2730 858 2789 et
899 2718 1287 2791 scholiastes
1336 2719 1866 2812 Hephaestionis
1915 2744 1989 2812 p.
2031 2718 2153 2788 ⁸68.
2204 2720 2453 2809 aliique
2493 2717 2586 2789 de

336 2822 613 2913 syllabis
652 2825 990 2893 vocalium
1038 2824 1381 2917 pondere,
1471 2825 2116 2913 consonantiamque
2158 2823 2587 2893 multitudine

337 2927 559 3020 magis
615 2929 916 2996 minusve
961 2928 1171 2998 auctis
1197 2976 1219 3013 ‚
1297 2927 1492 2996 nimis
1535 2928 1855 3018 profecto
1916 2920 2244 2997 subtiliter
2259 2977 2279 3007 ,
2349 2927 2587 3018 dispu-

337 3038 498 3101 tant.
604 3030 808 3101 Certe
840 3054 978 3100 non
1009 3039 1108 3101 est
1154 3033 1282 3099 ista
1328 3031 1709 3100 observatio
1757 3031 1848 3100 de
1892 3055 1973 3100 ea
2010 3053 2086 3100 re
2118 3031 2583 3123 intelligenda5

340 3132 430 3203 de
470 3156 609 3225 qua
654 3135 914 3204 disserit
959 3134 1432 3211 Aristoxenus
1458 3135 1529 3201 in
1588 3135 1674 3202 fr.
1729 3133 2032 3225 rhythm.
2095 3159 2166 3227 p.
2231 3134 2404 3204 288.
2426 3134 2586 3235 qui

337 3236 483 3331 ipse
525 3238 662 3306 alia
709 3239 936 3307 omnia
980 3239 1207 3361 potius
1222 3287 1242 3325 ,
1310 3260 1526 3328 quam
1556 3238 1815 3330 pedem
1859 3238 2241 3330 simplicem
2285 3249 2423 3308 non
2461 3237 2587 3308 nisi

342 3364 427 3410 ex
469 3351 794 3432 quattuor
832 3345 1040 3411 moris
1085 3350 1391 3417 constare
1444 3342 1629 3413 dicit.
1732 3342 2068 3432 Loquitur
2115 3344 2235 3412 ille
2287 3343 2379 3412 de
2418 3365 2586 3434 par-

340 3445 520 3516 tibus
559 3446 791 3568 pediS‚
843 3470 948 3521 ars
922 3446 974 3514 i
1015 3455 1090 3516 et
1122 3445 1328 3533 thesi,
1393 3469 1684 3534 quarum
1725 3445 1890 3516 dicit
1944 3447 2014 3514 in
2057 3447 2243 3539 pede
2294 3443 2585 3537 simplici

339 3570 479 3618 non
534 3551 660 3620 nisi
701 3558 1015 3640 quattuor
1029 3598 1052 3636 ‚
1134 3548 1302 3618 duas
1355 3548 1617 3637 theses,
1696 3550 2118 3640 totidemque
2187 3572 2364 3618 arses
2414 3571 2587 3620 con-—

341 3652 577 3746 iungi.
666 3654 857 3743 quod
918 3654 1121 3723 etiam
1174 3653 1435 3723 Psellus
1494 3676 1568 3745 p.
1625 3646 1802 3726 3⁰1.
1879 3654 2251 3726 confirmat.
2355 3651 2588 3721 Verba

343 3757 722 3827 Aristoxeni
735 3799 757 3844 9
807 3758 1055 3847 quibus
1104 3757 1471 3827 emendatis
1500 3756 1599 3825 uti
1624 3765 1953 3882 praestat,
2003 3755 2181 3825 haec
2219 3764 2398 3825 sunt.
2447 3756 2587 3830 τοῦ
2676 3805 2690 3837 ,-

295 3917 318 3933 .
348 3859 426 3933 δὲ
455 3854 864 3954 λαμβάνειν
903 3853 1041 3933 τόν
1088 3854 1283 3934 πόδα
1325 3858 1545 3935 πλείω
1598 3860 1745 3933 τοῖν
1781 3853 1912 3934 δύο
1956 3865 2258 3982 σημεῖαέ
2309 3888 2409 3933 τα
2440 3885 2585 3952 με-
2706 3940 2711 3943 ,

346 3962 530 4082 γε’θη
560 3990 709 4036 των
742 3964 987 4037 ποδων
1019 3965 1431 4038 αἰτιατέον·
1486 3968 1559 4037 οἱ
1585 3958 1726 4059 γάρ
1771 3956 2116 4045 ἐλάττους
2143 3990 2292 4036 των
2319 3964 2586 4048 ποδων,

348 4060 871 4164 εὖπερίληπτον
910 4066 1006 4164 τῇ
1060 4061 1405 4163 αἰσθήσει
1462 4094 1552 4139 το
1589 4067 1904 4159 μέγεθος
1940 4066 2267 4158 ἔχοντες,
2318 4061 2587 4140 εὐσύν-

351 4167 569 4242 οπτοί
631 4172 772 4242 εἰσι
822 4168 941 4242 καὶ
997 4164 1138 4249 deo?
1178 4170 1326 4243 τῶν
1388 4161 1519 4243 δύο
1576 4168 1930 4267 σημείων
2015 4175 2088 4242 οἱ
2145 4170 2222 4244 δὲ
2278 4162 2589 4264 μεγάλοι

349 4267 786 4347 τούναντίον
828 4268 1284 4348 πεπόνθασι·
1352 4271 1919 4396 δυςπερίληπτον
1941 4300 2081 4370 γαρ
2111 4273 2205 4370 τῇ
2248 4265 2590 4394 αἰσθήσει

353 4397 470 4446 το
484 4375 801 4469 μέγεθος
837 4377 1151 4468 ἔχοντες,
1220 4368 1573 4498 πλειόνων
1632 4377 1927 4450 δέονται
1971 4376 2324 4498 σημείων,
2401 4370 2590 4454 ὅπως

359 4475 457 4560 εἷς
504 4477 725 4553 πλείω
782 4481 969 4581 μέρη
1017 4479 1398 4581 διαιρεθὲν
1454 4504 1545 4554 το
1602 4479 1743 4556 τοῦ
1793 4476 1969 4555 ὅλου
2012 4472 2235 4561 ποδος
2276 4476 2590 4573 μέγεθος
