3325 5317
683 518 688 523 ,
752 457 881 520 110
1190 453 1312 514 DF.
1350 453 1895 550 METRORYM
1956 454 2574 541 QVORVMDAM

749 627 886 711 bis,
935 624 1415 718 Porphyrius'
1395 651 1465 695 ιιι
1507 625 1891 697 Comment.
1936 628 2028 696 ad
2069 627 2359 697 Ptolem.
2399 651 2499 722 p.
2517 626 2690 697 220.
2713 627 2990 701 Psellus
3094 686 3099 691 .

747 754 825 823 p
857 729 1030 798 300.
1132 729 1316 815 Quin
1358 731 1788 800 Aristoxenus
1836 732 2041 824 plane
2077 730 2219 803 hoc
2264 755 2478 824 genus
2523 732 2801 827 exclusit
2815 780 2837 818 ‚
2894 734 2989 801 ita

749 833 1102 906 scribens
1081 856 1152 901 ιιι
1193 835 1346 902 fine
1357 833 1769 927 fragmenti.
1813 828 1908 908 τό
1943 834 2021 909 δὲ
2043 830 2471 956 ἑπτάσημον
2513 823 2828 928 μέγεθος
2857 861 2987 909 ουκ

664 1030 672 1040 .
749 940 902 1028 ἔχει
931 935 1288 1032 διαίρεσιν
1315 933 1649 1035 ποδικήν·
1702 937 1927 1033 τριῶν
1964 931 2106 1034 γοῖρ
2135 939 2712 1031 λαμβανομένων
2753 926 2984 1065 λξῖγων

751 1045 833 1114 ἐν
861 1045 1015 1120 τοῖς
1044 1033 1267 1121 ἑπτά,
1331 1037 1621 1121 οὐδείς’
1586 1066 1785 1115 εστιν
1817 1041 2224 1137 ἔρρυθμος·
2278 1037 2378 1113 ὦν
2408 1038 2451 1113 ὁ
2486 1038 2597 1121 εἶς
2604 1040 2752 1132 μέν
2785 1043 2985 1117 ἐστιν

672 1226 678 1230 .
752 1141 797 1216 ὅ
835 1141 974 1216 τοῦ
1017 1141 1435 1237 ἐπιτρίτου·
1503 1138 1839 1239 δεύτερος
1894 1143 1971 1216 δὲ
1986 1196 2016 1232 ,
2087 1139 2131 1216 o‘
2181 1145 2360 1265 ⁷⁰5⁹„
2387 1145 2605 1217 πέντε
2648 1136 2857 1239 πρός
2879 1170 2982 1245 τα

665 1329 672 1334 .
751 1239 921 1320 δύο
985 1243 1233 1341 τρίτος
1276 1246 1354 1318 δε
1365 1300 1395 1334 ,
1464 1242 1506 1319 ὁ
1561 1247 1705 1319 τοῦ
1749 1244 2220 1328 ἑξαπλασίου·
2301 1242 2475 1326 aiere
2522 1246 2886 1339 πέμπτοι
2891 1243 2985 1317 ἄν

671 1438 678 1446 .
745 1350 1001 1446 ,εἴησαν
1076 1352 1149 1421 οἱ
1210 1344 1302 1421 ἐν
1358 1342 1745 1444 όκτασήμῳ
1786 1349 2156 1440 μεγέθει.
2233 1355 2701 1427 numeraverat
2759 1356 2986 1417 autem

745 1460 1080 1541 quattuor
1103 1459 1271 1521 ‚ante
1330 1473 1588 1542 genera
1610 1497 1631 1536 ‚
1713 1451 1957 1536 trium,
2032 1458 2386 1540 quattuor,
2461 1451 2795 1541 quinque,
2856 1472 2989 1528 sex

621 1551 629 1558 ’
737 1563 1156 1646 temporum.
1259 1554 1369 1621 Ex
1421 1576 1563 1643 quo
1607 1562 1921 1644 apertum
1971 1564 2101 1639 est,
2166 1542 2373 1644 quem
2427 1555 2710 1623 diximus
2750 1554 2987 1645 epitri-

700 1728 704 1738 ,
746 1668 893 1727 tum
939 1657 1128 1749 apud
1173 1656 1542 1725 Pindarum
1581 1658 1895 1741 inveniri,
1947 1657 2037 1726 ab
2080 1656 2482 1748 rhythmicis
2527 1667 2641 1726 aut
2692 1657 2783 1724 ad
2839 1666 2987 1743 tro-

745 1761 1005 1861 chaeos
1027 1760 1337 1840 relatum
1352 1807 1373 1844 ‚
1436 1770 1552 1828 aut
1588 1768 1770 1831 certe
1810 1783 1897 1830 ne
1941 1782 2073 1851 pro
2127 1761 2397 1852 epitrito
2455 1760 2732 1850 quidem
2784 1759 2988 1828 habi-

663 1930 666 1933 ,
741 1874 893 1932 tum
929 1886 1089 1932 esse.
1147 1864 1402 1965 Atqui
1442 1887 1530 1932 ne
1569 1864 1660 1931 ad
1688 1862 2045 1933 trochaeos
2076 1865 2424 1949 referatur,
2476 1865 2760 1948 obstant,
2810 1884 2987 1952 quae

745 1965 987 2061 paullo
1022 1974 1179 2043 ante
1210 1967 1919 2037 commemoravimus·
1971 1967 2215 2057 quodsi
2244 1991 2331 2036 ne
2374 1967 2674 2059 epitritus
2707 1967 2985 2055 quidem

661 2150 670 2157 2
743 2080 883 2158 «ιιι,
947 2070 1125 2159 quid
1153 2070 1427 2139 taudem
1470 2073 1597 2139 erit
1642 2071 1878 2139 aliud?
1950 2070 2318 2140 Laudabo·
2302 2118 2323 2156 ‚
2390 2072 2510 2162 qui
2555 2070 2648 2138 ad
2707 2069 2848 2140 hoc
2889 2070 2986 2136 ita

663 2165 668 2172 ⁸
703 2170 706 2173 ’
744 2173 1205 2265 responderit,
1289 2182 1365 2241 ut
1420 2173 1611 2242 locus
1665 2163 2065 2243 dubitationi
2099 2196 2236 2243 non
2281 2174 2719 2277 relinquatur.
2822 2174 3003 2269 Ego·

742 2278 895 2346 satis
928 2277 1249 2362 habebo,
1305 2277 1673 2347 distinctius
1705 2277 2167 2349 constituenda
2193 2280 2582 2368 quaestione
2615 2278 2819 2345 etiam
2860 2298 2984 2344 au-

742 2403 912 2474 gere
944 2379 1297 2451 dubitandi
1343 2382 1714 2449 materiam.
1817 2380 2103 2450 Sensum
2132 2381 2187 2449 si
2221 2382 2531 2451 consulas
2548 2428 2571 2465 ‚
2622 2403 2826 2469 quem
2869 2401 2983 2448 so-

732 2486 890 2557 Jum
936 2485 1008 2552 in
1058 2484 1200 2569 hoc
1242 2507 1495 2575 genere
1508 2533 1532 2570 ‚
1616 2495 1711 2553 et
1733 2494 2148 2583 quamquam
2202 2508 2339 2553 non
2396 2482 2984 2583 contemnendum,

661 2658 668 2663 ,
740 2598 1037 2656 attamen
1081 2611 1168 2655 ne
1215 2590 1401 2655 omni
1447 2578 1730 2691 quidem
1784 2611 1868 2657 ex
1920 2598 2116 2680 parte
2163 2598 2423 2658 certum
2468 2587 2716 2657 ducem
2763 2584 2986 2654 habe--

744 2712 894 2758 mus
908 2742 929 2778 ‚
1005 2689 1209 2759 facile
1269 2690 1659 2775 adducaris,
1738 2699 1812 2758 ut
1859 2692 2262 2783 gravitatem
2316 2691 2510 2761 Dorii
2579 2688 2836 2765 numeri
2896 2696 2986 2759 ne

747 2793 1058 2884 spondeo
1109 2792 1389 2889 quidem
1440 2788 1863 2865 trochaeum,
1885 2803 2205 2882 sequente
2222 2843 2243 2879 ‚
2303 2795 2349 2877 i.
2405 2817 2466 2863 e.
2508 2793 2621 2867 his,
2669 2792 2987 2862 mensuris

593 2980 610 2994 .
749 2894 818 2963 2.
851 2896 920 2962 1.
954 2894 1023 2961 2.
1061 2893 1130 2968 2.
1162 2903 1547 2966 contentam
1579 2919 1756 2980 esse,
1809 2896 1935 2965 sed
1974 2896 2243 2989 longius
2278 2898 2481 2967 etiam
2527 2897 2691 2966 duci
2733 2896 2985 2966 debere

657 3009 736 3099 13
750 2998 1026 3068 secundi
1066 2999 1265 3089 pedis
1316 2999 1604 3068 initium
1634 2999 1978 3069 existimes.
2101 3001 2302 3069 Vnde
2321 3048 2342 3086 ‚
2403 3001 2523 3091 qui
2581 2991 2987 3099 hodiernam

621 3140 632 3151 κ
740 3104 1070 3171 musicam
1108 3103 1319 3171 veteri
1362 3103 1771 3189 immiscent,
1832 3094 2045 3171 talem.
2087 3103 2365 3175 forsitan
2416 3106 2748 3186 rationem
2789 3124 2985 3175 com-

740 3206 1172 3274 miniscentur
1187 3253 1209 3289 ‚
1278 3203 1346 3272 2.
1403 3204 1471 3272 l.
1525 3204 1594 3273 3.
1650 3204 1720 3273 3.
1774 3206 2083 3277 adhibito
2129 3207 2244 3276 vel
2283 3207 2428 3293 illo
2460 3207 2769 3276 Aristidis
2808 3215 2984 3276 tem-

623 3348 630 3355 *
740 3331 914 3402 pore
958 3302 1244 3429 triplici,
1296 3308 1387 3376 de
1428 3330 1568 3398 quo
1615 3331 1821 3399 supra
1852 3310 2146 3380 diximus
2164 3359 2185 3397 ‚
2238 3311 2393 3396 vel,-
2439 3311 2494 3379 si
2533 3299 2610 3379 id
2642 3298 2984 3411 eripiatur,

740 3411 1122 3481 testimonio
1163 3411 1545 3480 Aristoxeni
1601 3435 1673 3503 p.
1718 3411 1892 3480 302.
1941 3414 2128 3510 cuius
2175 3406 2386 3484 verba
2442 3414 2798 3483 emendata
2855 3402 2984 3482 ad-

662 3592 675 3601 ..
725 3518 1076 3590 scribam·
1134 3515 1485 3610 τέταρτοι
1529 3510 1603 3586 ὃ
1648 3514 1826 3589 εἰσιν
1859 3522 1933 3588 οἱ
1964 3503 2292 3642 ἑέασήμῳ
2323 3518 2657 3611 μεγέθει·
2682 3518 2879 3601 ἔστι
2905 3517 2983 3591 δὲ

673 3698 680 3701 ,
744 3648 836 3693 το
880 3621 1195 3713 μέγεθος
1246 3617 1474 3691 τοῦτο
1522 3612 1654 3691 δύο
1700 3645 1927 3712 γενων
1960 3613 2246 3710 κοινόν,
2299 3620 2443 3694 τοῦ
2483 3647 2568 3695 τε
2602 3619 2981 3713 ιάμβικοῦ,

748 3722 871 3794 καὶ
899 3722 1039 3795 τοῦ
1082 3720 1553 3795 ὃακτυλικοῦ·
1607 3723 1685 3794 ἐν
1731 3747 1874 3818 γαρ
1924 3727 2085 3803 τοῖς·
2125 3718 2201 3806 ἒξ
2240 3749 2462 3818 τριων
2500 3722 2984 3851 λαμβανομέ-

747 3828 890 3895 νων
936 3818 1206 3916 λογων,
1275 3824 1416 3897 τοῦ
1458 3849 1543 3896 τε
1587 3824 1791 3912 ἴσου,
1844 3821 1979 3897 καί
1990 3825 2154 3901 τοῦ
2199 3825 2620 3913 διπλασίου,
2678 3824 2798 3907 καὶ
2841 3823 2984 3899 τοῦ

589 3960 598 3967 ·
687 4015 691 4019 ⁴
754 3924 1338 4021 τετραπλασίου,
1407 3922 1453 3998 o‘
1501 3925 1643 4023 μὲν
1693 3931 2103 4021 τελευταῖος
2152 3927 2395 4051 ρηθιίς
2438 3923 2568 4019 οὐκ
2602 3920 2985 4050 ἕρῗρυθμός
3062 3940 3073 3950 ’

754 4032 946 4102 ἔστι·
999 4055 1150 4100 των
1192 4027 1271 4100 δὲ
1313 4020 1586 4101 λοιπων
1631 4025 1676 4102 o‘
1731 4030 1889 4123 μὲν
1914 4029 2052 4103 τοῦ
2094 4031 2257 4127 ἴσου
2300 4014 2509 4124 λόγος
2554 4033 2652 4112 εἰς
2693 4058 2782 4127 το
2841 4033 2983 4104 δα-

750 4122 1089 4203 κέυλικόν
1150 4130 1353 4223 γένος
1403 4135 1858 4222 ἐμπεσεῖται·
1927 4128 1972 4205 o‘
2013 4127 2113 4207 δὲ
2141 4159 2277 4207 του
2323 4131 2704 4206 διπλασίου
2750 4133 2865 4217 εἰς
2889 4158 2980 4206 το

752 4224 1121 4326 ίαμβικόν.
1153 4232 1555 4322 Eademque
1582 4231 1748 4304 dicit
1763 4232 2169 4329 Aristidesp.
2191 4230 2311 4304 35.
2326 4259 2469 4325 seq.
2499 4235 2648 4310 τῶν
2674 4233 2984 4357 ρυθμων

674 4331 677 4335 ’
726 4335 1004 4422 ,τοίνυν
1044 4341 1124 4406 οἳ
1156 4336 1295 4428 μέν
1339 4337 1480 4408 εἰσι
1507 4328 1897 4426 συνθιτοι,
1951 4344 2034 4411 οι
2060 4339 2137 4414 δὲ
2168 4333 2597 4425 ἀσύνθετον
2653 4329 2984 4429 ἀσύνθε-

725 4466 873 4514 .τοι
908 4439 1047 4537 μέν
1061 4492 1090 4527 ,
1134 4443 1210 4511 οἱ
1247 4435 1354 4530 ἑνὶ
1381 4437 1585 4534 γε’νει
1624 4440 1900 4540 ποδικῷ
1941 4435 2344 4557 χρώμενοι,
2395 4440 2497 4547 (οἷς,
2518 4447 2594 4523 οἱ
2613 4434 2983 4549 τετραση-
