3325 5317
749 433 883 498 ω
977 425 1099 491 DE
1150 425 1683 491 HISTORIAE
1730 425 2173 491 GRAECAE
2225 427 2780 491 PRIMORDIIS

751 601 1010 698 gnabat
1048 591 1348 697 Κηφεύς
1362 648 1382 680 ,
1470 595 1758 668 Flexius‘.
1869 598 2078 671 Hunc
2131 609 2201 670 et
2244 574 2583 672 Phineum
2628 600 2990 694 Euripides

751 730 845 777 er
875 705 1054 775 Belo
1071 751 1094 790 ,
1142 703 1452 795 plerique
1495 702 1715 793 aptius
1748 707 1841 770 'ex
1874 706 2195 796 Agenore
2232 715 2607 797 prognatos
2644 707 2988 796 scripsere.

753 808 1115 900 Cepheum
1155 807 1427 876 fuerunt
1468 806 1672 875 etiam
1711 806 1827 895 qui
1868 830 1913 874 a
1954 809 2280 897 Neptuno
2325 809 2631 901 genitum
2671 808 2988 880 dicerent.

753 915 849 984 Et
891 911 1010 981 hic
1049 909 1325 1000 quidem
1376 910 1462 977 ab
1513 931 1598 984 eo
1630 909 1886 994 dictus,
1939 911 2127 999 quod
2164 912 2329 996 iter,
2372 934 2517 1001 quo
2546 912 2855 1003 ignotam
2879 935 2990 980 re-

754 1017 1033 1110 gionem
1060 1013 1490 1106 explorabat,
1540 1021 1720 1081 retro
1750 1013 1966 1094 flexit;
2020 1008 2277 1095 Φινεῠς
2304 999 2552 1100 autem,
2574 1075 2589 1090 .
2603 1015 2989 1099 Littorinus,

755 1120 944 1210 quod
984 1119 1053 1186 in
1087 1119 1314 1186 littore
1346 1115 1617 1201 sedenS,
1669 1116 2163 1205 adventumque
2189 1118 2369 1185 navis
2408 1118 2690 1188 alicuius
2717 1119 2844 1188 sibi
2871 1142 2992 1188 va-

751 1225 1065 1307 ticinans,
1117 1223 1353 1291 obtusa
1386 1218 1892 1310 prospectando
1926 1220 2282 1290 oculorum
2322 1223 2470 1290 acie
2489 1269 2509 1306 ‚
2560 1222 2807 1289 misero
2839 1221 2995 1289 foe-

756 1328 985 1417 doque
1013 1327 1194 1396 victu
1208 1376 1229 1413 ,
1288 1345 1492 1413 quem
1535 1323 1782 1393 fluctus
1827 1347 1868 1390 a
1912 1324 2231 1415 procellis
2279 1345 2416 1392 non
2460 1346 2683 1391 rursus
2720 1334 2994 1415 raptum

757 1433 829 1500 in
874 1430 1051 1500 vado
1096 1428 1550 1516 relinquerent
1564 1473 1586 1510 ,
1672 1426 1878 1495 vitam
1944 1427 2347 1500 toleraverit.
2463 1428 2573 1508 Ex
2623 1426 2732 1495 his
2787 1428 2995 1519 igitur

756 1534 1345 1618 FlexiuS,uxorem
1384 1529 1625 1598 habuit
1669 1531 2170 1603 Κασσιέπειαν
2185 1577 2208 1615 ,
2259 1529 2725 1601 Facundinam
2743 1577 2764 1615 ,
2819 1553 2996 1620 quae

756 1637 948 1728 quod
999 1659 1142 1705 sese
1177 1633 1584 1725 pulcriorem
1632 1632 2035 1700 Nereidibus
2084 1633 2420 1719 iactasset,
2471 1633 2609 1702 hae
2661 1656 2799 1702 una
2838 1656 2995 1703 cum

754 1743 1076 1833 Neptuno
1118 1737 1510 1828 indignatae
1562 1734 1760 1802 undis
1814 1737 2183 1805 obruerunt
2235 1739 2618 1829 regionem,
2699 1737 2997 1806 immise-
3046 1775 3051 1785 =

755 1853 1045 1931 runtque
1069 1841 1372 1910 belluam
1404 1838 1762 1918 marinam3
1814 1862 1856 1906 a
1879 1841 2123 1928 quibus
2159 1839 2352 1908 malis
2391 1862 2528 1908 non
2574 1815 2780 1908 aliam
2819 1841 2996 1909 libe-

756 1948 1089 2024 rationem
1136 1966 1279 2012 esse
1327 1942 1679 2010 oraculum
1726 1941 1891 2010 dixit
1910 1991 1930 2028 ,
2013 1965 2218 2032 quam
2283 1942 2339 2010 si
2402 1943 2614 2011 filiam
2657 1943 2758 2011 illi
2807 1966 2996 2012 suam

756 2044 1301 2146 Ἀνδρομέδην,
1373 2046 1793 2137 Viriregam,
1877 2046 2148 2115 belluae
2200 2045 2308 2116 isti
2349 2045 2680 2138 praedam
2736 2047 2996 2116 obiice-

647 2218 652 2224 ,
756 2161 927 2222 rent.
1030 2150 1241 2236 Quod
1285 2149 1545 2219 factum
1583 2160 1717 2234 est,
1766 2149 2003 2239 puella
2034 2149 2124 2217 ad
2160 2171 2400 2240 rupem
2441 2149 2739 2241 alligata.
2840 2151 2996 2218 Ho-

757 2279 913 2325 rum
955 2254 1072 2325 hic
1111 2277 1337 2323 sensus
1366 2262 1483 2326 est.
1511 2285 1526 2301 ·
1586 2252 1996 2343 Navigantes
2028 2252 2116 2320 ad
2144 2252 2451 2344 ignotam
2479 2253 2835 2345 regionem
2870 2252 2997 2320 de-

755 2359 914 2445 lati,
966 2380 1176 2447 quum
1202 2379 1331 2450 per
1357 2355 1625 2426 accolas
1643 2357 2036 2424 oberrantes
2067 2354 2386 2425 facundia
2404 2378 2561 2454 sua,
2611 2364 2687 2424 ut
2728 2356 2998 2424 Home-

756 2463 1253 2552 ricusVlysses
1270 2509 1289 2547 ,
1342 2461 1629 2529 multum
1674 2462 1818 2528 auri
1857 2460 2321 2551 collegissent,
2375 2459 2548 2549 (hoc
2594 2459 2801 2526 enim,
2822 2459 2999 2551 regit

757 2566 1101 2657 homines)
1133 2565 1384 2635 reversi
1417 2564 1856 2652 omnibusque
1886 2586 1957 2632 se
1985 2563 2449 2654 navigantibus
2474 2562 2814 2632 feliciores
2850 2563 2998 2646 rati,

756 2670 944 2739 littus
992 2668 1307 2738 fluctibus
1354 2675 1681 2736 vastatum
1699 2715 1720 2751 ,
1802 2666 2336 2759 haerentemque
2392 2687 2633 2734 navem
2660 2688 2878 2734 -suam
2929 2665 2998 2732 in

760 2779 1048 2864 aggesta
1088 2770 1356 2863 glarea,
1424 2792 1600 2858 quae
1644 2791 1772 2858 per
1813 2769 2027 2864 κῆτος
2074 2768 2488 2861 significatur
2501 2816 2524 2854 ,
2586 2768 2998 2838 invenerunt.

757 2876 865 2945 Ita
908 2873 1169 2942 divitias
1209 2896 1360 2942 suas
1407 2873 1476 2940 in
1518 2873 1744 2939 littore
1789 2871 2169 2961 deponunt,
2235 2871 2514 2964 glareae
2544 2872 2999 2940 removendae

759 2976 1090 3072 praedam
1118 2976 1393 3045 futuras.
1457 2975 1636 3045 Casu
1663 2973 2026 3043 adveniu'nt
2051 2975 2190 3059 isti,
2243 2975 2359 3063 qui
2387 2974 2684 3066 Seripho
2722 2998 2766 3043 a
2793 2998 3000 3068 prae-

760 3081 1052 3149 donibus
1090 3079 1526 3171 aufugerant,
1590 3078 1930 3169 potitique
1959 3078 2068 3146 his
2112 3078 2360 3168 opibus
2400 3078 2779 3168 cupienteS,
2833 3100 3000 3147 con-

761 3183 1190 3251 sentientibus
1228 3182 1361 3249 illis
1375 3229 1397 3266 ,
1446 3204 1689 3250 navem
1728 3204 1961 3250 eorum
1987 3190 2252 3249 remota
2290 3180 2527 3273 glarea
2557 3181 2665 3270 (id
2699 3190 2800 3250 est
2826 3182 3001 3250 enim

764 3285 994 3357 occidi
1037 3293 1407 3353 monstrum
1476 3285 1842 3372 marinum)
1917 3283 1986 3354 in
2041 3307 2229 3352 mare
2288 3283 2729 3374 protrudunt,
2799 3307 3004 3356 acce-

760 3391 1030 3483 ptisque
1073 3387 1350 3471 divitiis,
1416 3408 1536 3453 sua
1578 3387 1736 3458 navi
1776 3389 2044 3455 abeunt.
2146 3388 2428 3455 Reversi
2464 3386 2556 3455 ad
2595 3387 3002 3478 praedones,

760 3517 975 3586 quum
1027 3515 1110 3560 ex
1145 3490 1516 3583 improviso
1564 3490 1699 3558 iam
1741 3499 1817 3557 ut
1862 3489 2091 3559 hostes
2136 3491 2630 3581 apparuissent,
2698 3490 3003 3582 praedo-

760 3622 880 3668 nes
923 3605 1199 3688 stupore
1236 3616 1320 3664 ac
1363 3600 1547 3661 metu
1597 3594 2059 3686 obriguerunt.
2158 3592 2403 3682 Itaque
2447 3592 2788 3662 vindicata
2822 3594 3001 3682 navi,
3073 3658 3078 3663 .

761 3701 831 3769 in
858 3723 993 3790 qua
1026 3701 1193 3769 olim
1226 3698 1411 3790 capti
1433 3697 1699 3766 fuerant
1712 3747 1733 3785 ,
1786 3704 1855 3765 et
1893 3695 2177 3788 imperio
2221 3695 2642 3786 praedonum
2673 3698 3001 3787 permisso

764 3803 859 3886 ei,
896 3803 1029 3892 ‚qui
1062 3812 1341 3893 ceperat
1384 3803 1601 3892 ipsos,
1653 3810 1726 3868 ut
1769 3799 1984 3868 minus
2010 3799 2251 3867 iniusto
2266 3846 2288 3883 ,
2340 3797 2621 3901 domum
2649 3808 3003 3867 revertun-
3068 3789 3073 3792 v

761 3912 875 3972 tur
936 3904 1027 3972 ad
1086 3926 1239 3973 suos
1293 3903 1698 3975 revisendos.
1825 3902 1921 3969 Id·
1979 3910 2078 3970 est
2092 3949 2114 3986 ,
2192 3901 2384 3993 quod
2440 3900 2685 3971 Acrisii
2744 3901 3004 3971 visendi

765 4026 999 4077 caussa
1038 4006 1319 4076 Perseus
1359 4009 1587 4101 Argos
1632 4004 1909 4075 rediisse
1948 4004 2217 4075 dicitur.

968 4211 1065 4279 At
1092 4210 1385 4282 Acrisius
1400 4259 1421 4297 ,
1470 4212 1608 4282 sive
1634 4210 2160 4304 Inseparantius,
2212 4207 2470 4279 oraculi
2512 4215 2697 4277 metu
2739 4208 2811 4276 in
2843 4211 3005 4281 11⁸-

765 4312 1155 4406 λασγιῶτιν
1167 4366 1195 4403 ,
1247 4314 1595 4400 Hostiam,
1645 4339 1718 4385 se
1748 4323 2138 4406 receperat,
2186 4312 2307 4383 ubi
2347 4304 2796 4403 Τευτάμιος,
2848 4312 3011 4401 Ap-

765 4438 938 4509 paro
954 4464 977 4503 ,
1041 4438 1162 4486 rex
1204 4415 1616 4515 Λαρίσσης,
1670 4418 2044 4511 Volupiae,
2099 4415 2301 4486 ludos
2346 4414 2662 4486 funebres
2691 4414 3006 4485 celebra-
