3325 5317
767 457 904 523 aa·
1231 545 1241 567 ι
1576 453 1693 519 nn
1745 452 2223 535 asscmrm

771 628 1064 723 Legitur
1111 622 1283 703 ἔσθ’
1332 621 1507 705 ὅποι
1555 628 1783 726 τιμῆ,
1834 628 2129 716 Dorice,
2182 631 2387 700 etiam
2426 632 2500 701 in
2533 631 2690 704 eod.
2723 633 3007 708 Monac.

742 732 962 826 apud
1008 729 1599 805 Thiersehiumin
1647 733 1808 803 Aet.
1851 732 2132 803 Monac.
2183 734 2269 802 Τ.
2322 735 2376 803 l.
2427 737 2508 810 Ρ.
2560 736 2651 805 11.
2696 760 2773 866 p.
2829 741 3002 808 206.

680 844 763 907 11
780 838 891 908 cui
949 860 1035 923 ea
1081 834 1408 928 scriptura
1471 834 1785 907 fraudem
1837 836 2043 923 feeit,
2113 845 2192 927 ut
2255 834 2424 912 ἔσθ
2489 837 2609 914 ὅτ’
2678 846 2756 915 ἐν
2820 844 3004 940 τιμῇ

771 939 970 1014 θεῶν
1018 938 1451 1009 scribendum
1507 947 1802 1033 putaret.
1901 938 2140 1010 Galius
2186 940 2319 1009 hos
2366 963 2592 1012 versus
2642 967 2726 1014 ex
2776 945 3002 1014 diver-

768 1042 856 1114 sis
901 1042 1271 1136 tragoediis
1317 1051 1619 1135 sumptos
1666 1042 1942 1112 iudicat.
2045 1044 2266 1114 Satius
2317 1055 2491 1135 erat,
2552 1047 2798 1140 opinor
2813 1098 2834 1135 ‚
2893 1049 3005 1118 di-

769 1167 951 1235 cere,
997 1168 1149 1217 ιιοιι·
1180 1147 1443 1240 positos
1499 1147 1702 1216 fuisse
1752 1147 2122 1217 continuos.

974 1352 1231 1425 Caussa
1292 1354 1546 1425 stetisse
1609 1353 1953 1425 Danaides
1967 1402 1994 1441 ‚
2059 1354 2319 1448 duplici
2378 1366 2781 1450 argumento
2831 1382 2999 1432 con-

764 1454 1119 1527 tenderim.
1221 1458 1527 1529 Primum
1573 1458 1758 1528 enim
1802 1458 1953 1527 fieri
2000 1481 2139 1529 ιιοιι
2184 1462 2442 1553 potuit,
2497 1470 2574 1531 ut
2623 1486 2790 1553 quas
2821 1487 2997 1556 poe·-

765 1568 838 1627 ιιι
888 1560 960 1629 in
1008 1562 1445 1655 Supplicibus
1507 1562 1656 1653 pias
1709 1560 2129 1654 deorumque
2193 1572 2261 1632 et
2323 1565 2560 1656 legum
2624 1577 2999 1636 reverentes

762 1663 1257 1750 introduxerat,
1326 1665 1600 1734 easdem
1648 1687 1812 1733 mox
1867 1674 1946 1733 ut
1991 1664 2231 1758 impias
2298 1672 2367 1735 et
2421 1668 2778 1739 sceleratas
2828 1692 2998 1739 eon-

765 1765 1069 1835 demnari
1110 1768 1385 1837 faceret.
1486 1769 1727 1856 ltaque
1766 1767 1904 1837 iam
1952 1769 2021 1836 in
2056 1770 2493 1861 supplicibus
2539 1773 2871 1867 providit,
2923 1782 2996 1841 ut

765 1868 1118 1938 honestam
1157 1880 1228 1941 et
1265 1870 1478 1967 fugae
1510 1880 1582 1941 et
1620 1891 1784 1939 vero
1816 1871 2020 1941 etiam
2052 1872 2281 1943 caedis
2312 1896 2614 1944 caussam
2648 1876 2994 1946 haberent.

761 1970 1133 2066 Fugimus‚
1191 1975 1498 2065 inquiunt
1545 1976 1617 2044 in
1664 1975 1817 2066 ipso
1853 1975 2133 2045 fabulae
2182 1977 2361 2048 illius
2407 1977 2597 2048 initio
2614 2027 2637 2067 ,
3069 1969 3074 1975 ’

1069 2126 1282 2203 οὔτιν
1332 2124 1458 2223 ἐφ’
1505 2135 1772 2223 αἵματι
1824 2128 2275 2226 δημηλασίαν

1279 2225 1502 2352 ψήφῳ
1554 2225 1824 2314 πόλεως
1869 2230 2338 2325 γνωσθεῖσαι,

1069 2329 1237 2410 ἀλλ’
1280 2331 1653 2461 αὑτογενῆ
1704 2334 2108 2431 φυξανορίᾳ

1066 2431 1308 2532 γάμον
1357 2431 1747 2531 Αἰγύπτου
1798 2438 2075 2515 παίδων
2128 2433 2360 2535 α’σεβῆ
2406 2436 2490 2514 τ’

924 2606 929 2611 .
1067 2534 1619 2636 ὀνοταζόμεναι.

758 2692 1161 2786 Eademque
1208 2696 1279 2765 in
1327 2694 1745 2766 Prometheo
1794 2688 2090 2770 indicata
2119 2694 2291 2766 ¹sunt
2338 2720 2403 2764 v.
2446 2691 2622 2771 852.

1064 2852 1359 2976 πέμπτη
1411 2846 1486 2924 δ’
1536 2846 1675 2923 ἀπ’
1725 2847 1961 2925 αὐτοῦ
2009 2853 2238 2982 γέννα,
2273 2846 2884 2947 πεντηκοντὼταις

1068 2948 1291 3029 παλιν
1342 2946 1522 3050 προς
1560 2951 1832 3049 Ἀργος
1884 2950 2017 3045 οὐχ
2068 2955 2281 3028 ἑκοῦσ
2361 2949 2771 3039 ἐλεύσεται,

1063 3050 1561 3185 θηλύσπορος,
1611 3052 1978 3151 φεύγουσα
2032 3056 2337 3151 συγγενῆ
2386 3049 2626 3150 γάμον

1066 3157 1425 3253 ἀνεψιων·
1488 3165 1561 3231 οἱ
1621 3154 1699 3232 δ
1745 3162 2186 3279 ἐπτοημένοι
2234 3161 2537 3254 φρένας,

1066 3260 1304 3356 κίρκοι
1352 3261 1653 3332 πελειων
1705 3257 1793 3333 οὐ
1842 3255 2133 3357 μακροῖν
2175 3263 2661 3353 λελειμμένοι,

1063 3361 1317 3488 ἥξουσι
1366 3354 1852 3460 θηρεύσοντες
1902 3360 1989 3438 οὐ
2039 3364 2492 3505 θηρασίμους

1055 3461 1355 3564 γάμους.

752 3625 992 3716 Itaque
1031 3645 1117 3711 ee
1160 3622 1580 3715 potissimum
1631 3645 1704 3691 se
1755 3620 2136 3691 defendisse
2184 3620 2529 3708 videntur,
2579 3619 2803 3711 quod,
2869 3620 2992 3689 nisi

742 3700 1144 3798 occidendis
1195 3725 1485 3818 sponsiS‚
1551 3748 1691 3798 non
1739 3727 2110 3822 potuissent
2174 3726 2425 3796 incesta
2474 3725 2811 3796 connubia
2862 3724 2991 3792 dee-

752 3830 985 3899 vitare.
1104 3830 1325 3899 Simul
1385 3837 1612 3899 autem
1681 3830 1771 3919 ad
1805 3828 2206 3898 -movendos
2271 3830 2529 3899 iudices
2577 3826 2844 3921 generis
2892 3827 2991 3894 sui

752 3936 1165 4003 mentionem
1212 3935 1441 4004 faeere
1491 3932 1866 4018 debebant,
1918 3941 2120 4022 atque
2171 3955 2288 4001 eos
2341 3956 2557 4020 orare,
2607 3938 2682 4000 ut
2730 3954 2804 3999 se
2847 3930 2987 3999 ori-

752 4035 917 4130 gine
963 4037 1249 4128 Argivas
1300 4060 1442 4105 esse
1490 4045 1899 4129 reputarent.
1964 4036 2394 4126 Quamquam
2431 4058 2570 4104 non
2615 4034 2987 4105 contende-

752 4141 902 4223 rim,
955 4162 1039 4208 eo
1089 4140 1163 4207 id
1212 4142 1371 4210 loeo
1423 4140 1684 4210 factum
1734 4164 1898 4225 esse,
1949 4160 2155 4229 quem
2186 4141 2432 4210 Strabo
2462 4140 2532 4211 in
2580 4147 2804 4208 mente
2854 4138 2984 4205 ha·-

749 4245 935 4330 buit,
985 4265 1196 4333 quum
1222 4244 1309 4311 V⁶
1341 4244 1413 4328 2,
1448 4242 1517 4310 l.
1560 4266 1632 4336 p.
1675 4243 1849 4312 221.
1902 4242 2109 4335 (338.
2164 4242 2242 4312 G.
2298 4243 2404 4311 ed.
2458 4243 2641 4315 Alm.
2668 4243 2757 4310 T.
2790 4242 2876 4309 11.
2907 4265 2978 4331 p.

754 4346 926 4419 128.
980 4346 1088 4415 ed.
1140 4345 1524 4438 Tsehuek.)
1574 4349 1664 4416 de
1714 4347 2021 4440 Pelasgis
2070 4346 2359 4438 scripsit:
2406 4340 2771 4436 Αἰσχύλος
2804 4339 2872 4417 δ’
2900 4345 2978 4414 ἑίι

751 4452 891 4527 τοῦ
967 4449 1134 4546 περὶ
1216 4443 1573 4544 Μυκήνας
1641 4450 1977 4546 ”Αργους·
2049 4450 2264 4548 φησὶν
2341 4453 2420 4527 ἐν
2471 4447 2795 4539 ,Ἱκέτισι
2858 4446 2979 4519 καὶ
