3325 5317
741 461 873 525 m
1043 454 1164 518 DE
1217 452 1539 517 CHORO
1597 451 2175 519 EVMENIDVM
2214 450 2683 516 AEschLl

741 646 1009 729 pona·
1088 621 1256 721 ἔγω
1276 625 1355 705 δὲ
1397 652 1538 703 τοι
1574 617 1987 717 πεζόμαχον
2006 678 2037 715 ,
2124 618 2261 703 τόν
2321 619 2748 755 ναύμαχον,
2796 622 2972 711 τόν

739 730 1160 822 πανταχοῦ,
1226 755 1363 804 τον
1409 756 1600 802 κατα
1654 723 1920 824 μικρόν
1966 729 2238 823 μέγαν,
2304 755 2441 802 τον
2480 725 2650 802 ἀντὶ
2690 731 2976 805 πολλων

744 840 896 912 ἕνα.
1029 832 1158 902 His
1217 833 1524 901 omnibus
1581 831 1943 922 diligenter
2003 830 2351 925 perpensis
2408 830 2779 901 fatendum
2830 836 2979 920 erit,

739 947 982 1030 poetas
1018 958 1158 1006 non
1194 942 1545 1006 cantorum
1587 955 1942 1003 numerum
1978 935 2280 1027 personis
2319 934 2632 1019 fabulae,
2681 935 2806 1011 sed
2848 935 2976 1005 has

742 1041 987 1118 usitato
1031 1038 1228 1111 chori
1270 1061 1551 1109 numero
1597 1038 2185 1122 accommodasse,
2228 1048 2357 1124 ιιι,
2436 1039 2494 1106 si
2539 983 2764 1108 minor
2810 1047 2979 1110 esset

743 1165 1190 1237 personarum
1221 1165 1538 1211 numerus
1553 1189 1575 1226 ‚
1640 1140 1881 1232 augeri
1923 1140 2269 1225 debuerit,
2342 1149 2421 1210 ut
2462 1142 2534 1208 in
2572 1140 2978 1210 Eumenidi-

744 1250 871 1323 bus
915 1256 983 1316 et
1003 1246 1467 1338 supplicibus
1506 1244 1862 1335 Euripidis
1878 1291 1900 1328 ‚
1951 1254 2021 1311 et
2037 1292 2063 1329 ,
2120 1253 2197 1313 ut
2239 1243 2517 1315 credere
2553 1266 2683 1335 par
2727 1255 2862 1330 est,
2910 1246 2980 1313 in

744 1348 1068 1440 Aeschyli
1119 1348 1557 1429 Heliadibus;
1622 1347 1729 1415 sin
1762 1348 1978 1416 maior
2021 1355 2191 1417 esset
2207 1394 2229 1431 ‚
2293 1347 2533 1429 minui,
2600 1356 2675 1415 ut
2712 1347 2783 1414 in
2835 1349 2983 1417 Ae-

745 1452 964 1544 schyli
1008 1452 1482 1543 supplicibus,
1558 1452 1632 1518 in
1670 1450 1933 1539 quibus
1956 1450 2120 1519 scite
2170 1450 2547 1519 observavit
2587 1449 2984 1523 Boeckhius

735 1556 985 1635 sedulo
1019 1556 1273 1642 caveri,
1323 1577 1410 1625 ne
1447 1562 2046 1626 mommemoretm·
2074 1576 2392 1628 numerus
2424 1551 2829 1647 Danaidum·

1672 1850 2077 1865 m

924 2138 932 2147 -
1005 2102 1162 2172 ne
1186 2101 1524 2177 cuono
1592 2100 2186 2172 EVMENIDVM
2233 2082 2724 2175 Aesonis-121.

1320 2342 1326 2349 ,
1387 2278 1988 2329 ιιιεειιιιτιιτιο
2041 2279 2345 2328 Parma·

747 2443 979 2553 Duae
1035 2480 1462 2591 celebrantur
1535 2479 1628 2549 de
1696 2477 2025 2570 Aeschyli
2079 2478 2567 2549 Eumenidibus
2637 2478 2991 2553 fabulosae

746 2586 1196 2670 narrationes,
1246 2607 1381 2653 una
1395 2632 1417 2669 ‚
1470 2607 1680 2674 quum
1722 2606 1805 2663 ea
1836 2584 2118 2652 fabula
2098 2606 2169 2651 m
2199 2605 2466 2652 scenam
2513 2578 2849 2674 producta
2878 2606 2989 2651 es·-

750 2699 887 2772 set,
936 2708 1187 2779 pueros
1224 2687 1582 2755 nonnullos
1614 2709 1782 2778 prae
1816 2696 2073 2756 terrore
2118 2688 2472 2773 exstinctos
2515 2709 2682 2782 esse,
2733 2695 2802 2754 et
2829 2708 2990 2770 ιιιιι-

749 2790 947 2858 lieres
979 2788 1293 2880 gravidas
1320 2790 1632 2858 abortum
1662 2788 1931 2869 fecisse3
1984 2789 2229 2875 altera,
2280 2768 2569 2858 chorum
2583 2838 2605 2876 ‚
2657 2811 2740 2858 eo
2774 2811 2989 2878 usque
3078 2880 3086 2887 ⁶

702 2909 800 2974 ‘te
837 2892 1325 2984 quinquaginta
1362 2891 1664 2983 personis
1705 2900 2152 2977 constantem,
2223 2892 2316 2961 ob
2356 2892 2539 2962 hanc
2587 2893 2805 2984 ipsam
2843 2912 2990 2962 rem

751 2995 844 3065 ad
903 2995 1323 3084 quindecim,
1392 3004 1460 3063 et
1518 2996 1678 3087 lege
1738 2995 2015 3085 quidem
2032 3043 2054 3080 ‚
2117 2994 2469 3067 redactum
2527 3018 2690 3065 esse.
2792 2996 2990 3064 Prior

748 3100 865 3167 illa
906 3098 997 3166 de
1025 3099 1252 3189 pueris
1280 3106 1346 3167 et
1385 3097 1773 3166 mulieribus
1809 3099 2099 3166 narratio
2138 3101 2365 3168 nescio
2407 3122 2614 3188 quem
2641 3122 2988 3192 gramma-

749 3203 959 3270 ticum
999 3209 1348 3275 auctorem
1395 3201 1640 3286 habet,
1724 3201 1842 3291 qui
1887 3224 2039 3271 eam
2086 3202 2263 3271 vitae
2311 3192 2636 3292 Aeschyli
2693 3204 2781 3271 ab
2848 3203 2984 3273 alio

750 3305 1199 3398 grammatico
1224 3304 1510 3396 scriptae
1534 3305 1841 3372 inseruit.
1890 3326 2111 3394 neque
2149 3307 2326 3374 enim
2352 3306 2423 3373 in
2452 3305 2760 3399 omnibus
2789 3305 2987 3390 codif

752 3410 945 3480 cibus
999 3407 1250 3498 legitur
1290 3407 1413 3474 iste
1458 3407 1665 3475 locus.
1767 3406 2002 3475 Verba
2047 3416 2273 3478 autem
2322 3408 2499 3478 haec
2547 3393 2730 3477 sunt.
2795 3408 2985 3490 τινὲς
3052 3472 3057 3475 ,

753 3514 840 3587 δέ
878 3511 1104 3607 φασιν
1155 3513 1233 3584 ἐν
1263 3508 1367 3632 τῇ
1416 3513 1748 3592 ἐπιδείξει
1794 3536 1942 3582 των
1979 3507 2402 3602 Εὐμενίδων
2445 3505 2812 3607 σποράδην
2841 3513 2984 3592 εἰς-

753 3608 1125 3708 αγαγόντα
1188 3640 1324 3687 τον
1360 3605 1645 3737 χορόν,
1737 3611 2127 3685 τυσοῦτον
2145 3615 2480 3710 ἐκπλῆξαι
2539 3609 2674 3687 τόν
2720 3613 2984 3710 δῆμον,

750 3744 926 3813 ogere
965 3745 1059 3790 τα
1108 3715 1246 3810 μὲν
1287 3709 1513 3813 νήπια
1541 3715 1887 3809 ἐκψῦξαι,
1947 3740 2042 3788 τα
2075 3715 2152 3788 δὲ
2182 3718 2469 3814 ἔμβρυα
2502 3715 2999 3815 ἑξαμβλωθῆ-
3021 3793 3027 3798 ,

752 3845 896 3891 ναι.
998 3820 1199 3890 Hanc
1262 3819 1538 3910 quidem
1598 3818 2047 3886 narrationem
2108 3841 2319 3908 quum
2362 3819 2837 3912 BoettigeruS,
2893 3818 2991 3887 vir

751 3920 1225 3991 celeberrimus
1244 3971 1265 4009 ,
1313 3924 1384 3991 in
1430 3920 1610 4022 libro
1668 3920 1759 3991 de
1810 3922 2114 4017 personis
2149 3921 2505 3990 Furiarum
2552 3946 2624 4015 p.
2668 3921 2739 4015 3.
2776 3930 2988 4006 recte,

751 4031 831 4094 ut
883 4022 1053 4091 mihi
1108 4026 1378 4094 videtur
1391 4074 1413 4114 ,
1493 4048 1533 4094 e
1588 4026 1853 4096 comica
1908 4025 2207 4114 quadam
2267 4023 2382 4093 vel
2430 4025 2991 4119 epigrammatica

753 4127 1278 4218 exaggeratione
1308 4136 1527 4196 ortam
1552 4127 1914 4213 iudicaret,
1962 4149 2101 4195 non
2125 4128 2427 4215 debebat
2456 4138 2693 4197 tamen
2720 4127 2813 4195 ad
2839 4149 2992 4196 eam

751 4249 899 4299 rem
941 4228 1275 4321 Gorgiam
1316 4229 1677 4315 adhibere,
1722 4230 1841 4321 qui
1884 4230 2072 4323 apud
2115 4229 2560 4302 Plutarchum
2597 4231 2669 4299 in
2710 4231 2990 4316 Quaest.
3075 4318 3081 4324 .

755 4331 1014 4406 conviv.
1059 4332 1215 4406 Vll.
1261 4332 1381 4401 1⁰.
1435 4349 1507 4424 p.
1554 4330 1729 4401 ⁷15.
1785 4332 1870 4403 E.
1913 4332 2251 4419 fabulam,
2316 4356 2495 4423 quae
2553 4335 2842 4426 Septem
2894 4331 2991 4400 ad

754 4434 1039 4508 Thebas
1073 4444 1388 4529 vocatur,
1438 4434 1736 4531 aoMarte
1784 4434 2103 4531 dictatam
2131 4436 2480 4528 Aeschylo
2506 4428 2657 4508 'esse
2697 4437 2999 4507 dixissen
