3325 5317
676 458 764 520 64
1219 452 1332 514 DE
1387 450 1860 514 AESCHYLI
1917 450 2166 514 GLAV
2190 452 2331 512 CIS

679 623 913 701 ποτνί.
939 617 1115 695 Ita
1181 626 1435 710 codex,
1500 624 1826 695 Schowio
1868 634 2054 695 teste.
2157 624 2386 694 Idem‘:
2458 625 2743 724 ἴτηλον,
2810 649 2905 699 το

680 732 1040 823 ἔμμονον,
1092 727 1210 800 καί
1262 726 1391 803 οὐκ
1436 728 1812 848 ‹2335qu
1836 722 2198 818 Λισχύλος
2229 721 2536 822 Γλαύκῳ
2574 733 2906 801 Ποτνιεῖ.

677 836 771 903 Et
811 830 1128 901 Photius.
1182 833 1464 927 ἴτηλον,
1531 859 1665 904 τον
1724 828 1852 906 οὐκ
1906 832 2258 927 ἐξίτηλον,
2311 826 2475 905 ἀλλ’
2537 824 2914 913 ἀνεξάλει-

678 955 898 1008 πτον·
954 933 1179 1014 οὕτως
1208 928 1589 1023 Αἰσχύλος
1691 934 1887 1004 Haec
1916 934 2371 1028 interpretatio
2402 933 2699 1025 argutias
2736 935 2945 1028 sapit⁴
3051 949 3056 956 '

676 1040 1294 1130 grammaticorum.
1374 1036 1829 1138 Spauhemius
1874 1039 2331 1127 suspicabatur
2378 1037 2721 1107 Glaucum
2763 1029 2940 1105 P0-”

677 1143 1001 1209 tniensem
1033 1164 1074 1207 a
1101 1141 1460 1208 scholiasta
1496 1140 1869 1232 Sophoclis
1905 1141 1995 1209 ad
2043 1139 2220 1210 Oed.
2250 1142 2339 1214 R.
2372 1140 2542 1209 733.
2576 1139 2763 1208 citari
2799 1140 2908 1207 his

678 1245 931 1312 verbis:
1012 1242 1176 1338 περὶ
1244 1242 1594 1317 Δαυλίδα
1648 1243 1819 1341 φησι
1874 1271 2010 1339 την
2068 1237 2365 1340 σχιστῆν
2435 1236 2644 1316 ὀδόν·
2718 1271 2758 1315 ο
2828 1244 2904 1316 δὲ

631 1456 636 1460 ²
678 1341 1040 1437 Αἰσχύλος
1080 1373 1242 1445 περι
1286 1346 1653 1432 Ποτνίας,
1708 1344 1968 1427 οὕτως·

1504 1483 1780 1606 ἕπῇμεν
1826 1484 1952 1579 τῆς
1983 1481 2161 1557 ὁδοῦ
2196 1437 2660 1603 τροχήλατον

987 1586 1277 1684 σχιστῆς
1321 1579 1670 1660 κελεύθου
1713 1586 2046 1710 τρίοδον,
2100 1588 2283 1660 ἔνθα
2328 1579 2692 1679 συμβολας

985 1691 1210 1790 τριῶν
1254 1683 1615 1763 κελεύθων
1643 1683 2078 1764 Ποτνιαὸων
2103 1685 2521 1786 η’μείβομεν.

677 1831 772 1897 At
809 1852 1017 1919 quum
1069 1827 1252 1919 apud
1298 1826 1728 1917 Sophoclem
1771 1826 1860 1894 de
1911 1824 2188 1916 Oedipo
2233 1846 2452 1892 sermo
2497 1826 2617 1910 sit,
2682 1828 2908 1896 nescio

680 1956 766 1999 an
808 1934 930 2000 ista
977 1954 1059 1998 ex
1108 1929 1385 2020 Oedipo
1438 1930 1763 2020 Aeschyli
1806 1925 2164 2019 depromta
2211 1928 2355 1996 sint.
2472 1930 2717 2019 Aptius
2757 1930 2896 1998 for-

676 2045 846 2127 tasse
892 2035 982 2102 ad
1027 2034 1367 2102 Glaucum
1411 2035 1839 2102 Potniensem
1880 2032 2007 2100 hos
2052 2046 2276 2101 versus
2311 2031 2610 2159 referaS‚
2701 2116 2709 2128 ι

988 2169 1065 2251 ὃς
1107 2167 1253 2260 εἶχε
1286 2164 1562 2252 πώλους
1590 2173 1943 2267 τέσσαρας
1983 2162 2450 2265 ζυγηφόρους,

985 2281 1321 2368 φιμοῖσιν
1368 2270 1799 2348 αὐλωτοῖσιν
1847 2274 2633 2412 ἐμβριμωιι-ιε’ναςζ,)πιο
2689 2243 3286 2417 ww,—

679 2437 850 2505 quos
879 2413 1164 2481 servavit
1200 2412 1589 2480 Eustathius
1618 2436 1690 2503 p.
1729 2406 1951 2497 1157,
2005 2405 2125 2478 35.
2182 2409 2367 2500 apud
2388 2347 2683 2498 queffv
2770 2440 2903 2484 τα-
2859 2439 3236 2584 (ΙΜἈΙΙ

676 2546 805 2616 ρας
851 2518 1118 2609 legitur.
1219 2517 1328 2584 Ex
1375 2511 1931 2587 Ιι.1.αύλωτοὶ
1975 2514 2188 2608 φιμοι
2249 2514 2663 2604 explicantur
2721 2517 2930 2606 apud

676 2621 1116 2711 Hesychium.
1232 2619 1520 2687 Videtur
1585 2630 1808 2685 autem
1866 2618 1955 2685 de
2005 2616 2356 2707 quadrigis
2415 2618 2604 2684 unius
2621 2637 2903 2705 eorum,

616 2726 801 2813 Squi
857 2745 1013 2791 cum
1069 2722 1339 2790 Glauco
1398 2730 1846 2804 certaverant,
1924 2741 2143 2787 sermo
2199 2743 2378 2804 esse,
2456 2720 2647 2809 quod
2704 2723 2908 2812 ipsius

680 2827 932 2895 Glauci
971 2846 1181 2912 equos
1217 2825 1328 2891 vix
1366 2826 1462 2892 ita
1506 2825 1726 2891 obiter
1767 2831 1977 2913 poeta
2020 2834 2626 2892 commemorasset.
2727 2826 2907 2894 For-

672 2940 848 2997 tasse
877 2929 1075 3004 etiam
1104 2930 1310 2995 verba
1350 2927 1588 3017 ζεῦγος
1618 2923 2041 3020 τεθρίππων
2093 2924 2182 2992 ad
2229 2925 2569 2996 Glaucum
2589 2929 2908 2998 Potnien-

677 3055 822 3101 sem
862 3031 1353 3122 pertinuerunt,
1406 3053 1583 3118 quae
1627 3028 1998 3096 distinctius
2051 3053 2093 3095 a
2137 3028 2388 3096 Photio
2424 3032 2493 3097 in
2535 3053 2597 3099 v.
2640 3032 2901 3128 ζεῦγος,

674 3159 885 3226 quam
923 3135 1011 3202 ab
1053 3136 1275 3222 Etym.
1316 3132 1419 3200 M.
1463 3157 1534 3224 p.
1586 3128 1763 3216 409,
1804 3129 1926 3199 48.
1983 3140 2049 3198 et
2101 3132 2261 3200 inde
2316 3146 2358 3199 'a
2411 3134 2750 3203 Favorino
2803 3138 2905 3210 (ιί-ι

673 3248 926 3319 tantur3
980 3247 1047 3306 et
1082 3241 1156 3309 ἐν
1198 3236 1543 3334 ὃιρ’ρ“υμι’ᾳ
1573 3236 1836 3320 πῶλοι,
1891 3235 2399 3304 commemorati
2433 3238 2788 3307 Eustathio
2831 3262 2904 3329 p.

618 3359 625 3382 ⁸
677 3339 867 3426 706,
936 3336 1058 3411 50.
1128 3339 1486 3408 Caeterum
1559 3339 1740 3406 hanc
1793 3338 2099 3405 fabulam
2163 3347 2386 3413 actam
2439 3364 2580 3409 esse
2627 3341 2905 3433 Olymp.

674 3443 986 3514 LXXVI.
1037 3441 1107 3509 4.
1160 3453 1632 3535 argumentum
1678 3443 2033 3516 Persarum
2081 3443 2317 3514 docet.
2390 3445 2504 3517 ἐπι
2557 3438 2906 3526 Μένωνος

674 3546 1063 3644 τραγῳδῶν
1143 3540 1508 3636 Αἰσχύλος
1585 3543 1781 3619 ἐνίκα
1862 3548 2109 3635 Φινει,
2153 3538 2545 3645 Πέρσαις,
2615 3542 2919 3643 Γλαύκῳ

678 3656 993 3725 Hormi
1028 3648 1135 3740 *),
1195 3654 1605 3747 Προμηθεῖ.

878 3754 1096 3822 Venio
1147 3753 1235 3820 ad
1282 3753 1623 3821 Glaucum
1660 3752 1994 3820 Pontium.
2097 3751 2196 3836 Is,
2270 3760 2345 3819 ut
2398 3751 2746 3842 plerique
2728 3778 2907 3832 ‚nar-
2944 3746 2947 3749 ⁴

668 3865 822 3925 rant
840 3903 862 3942 ‚
945 3856 1242 3947 piscator
1296 3856 1425 3924 fuit
1467 3854 1913 3941 Anthedone,
1997 3856 2113 3944 qui
2164 3878 2374 3945 quum
2417 3857 2631 3947 pisces
2648 3907 2671 3944 ,
2738 3881 2910 3948 quos

758 4198 815 4278 *)
858 4198 1135 4258 Pontium
1181 4197 1473 4266 Glaucum
1502 4198 1622 4259 dici
1668 4201 1900 4261 censuit
1940 4200 2285 4280 Welkeru3‚
2344 4203 2449 4283 qui
2492 4223 2643 4283 quae
2686 4202 2763 4264 de
2801 4204 2908 4264 illo

675 4285 910 4345 Glauco
969 4294 1030 4343 et
1065 4283 1146 4345 in
1191 4283 1455 4361 Trilogia
1515 4294 1576 4344 et
1622 4283 1688 4345 in
1733 4287 1857 4346 eius
1901 4281 2253 4368 Appendice
2294 4289 2589 4370 protulit,
2633 4289 2911 4349 immania

672 4379 804 4431 cete
834 4369 899 4430 in
925 4368 1182 4428 chorum
1223 4378 1577 4428 convertens
1623 4372 1877 4431 deorum
1919 4373 2316 4451 marinorum,
2361 4375 2665 4437 credenda
2705 4375 2910 4438 relin-

674 4455 944 4535 quimus,
989 4455 1096 4536 qui
1136 4452 1484 4516 huiusmodi
1518 4456 1705 4516 rebus
1745 4457 2145 4521 delectantur.
