3325 5317
743 522 875 585 τεο
1203 515 1627 579 cstvnA
1666 482 2000 580 novis
2040 517 2538 580 non-mma

745 689 1150 764 Casaubono
1164 734 1188 773 ‚
1256 696 1455 782 pater
1485 689 1606 758 ille
1646 697 1727 758 et.
1753 687 2119 760 Maecenas
2158 688 2504 757 literarum
2549 710 2633 759 ae
2679 689 2984 771 literato-
3093 779 3102 787 .

743 818 895 864 rum
911 843 931 878 ‚
979 794 1051 860 in
1082 790 1191 883 cuj
1199 794 1432 862 usdam
1473 794 1894 885 praelongae
1936 791 2404 862 ambulationis
2418 839 2440 876 ‚
2493 816 2671 882 quae
2713 793 2982 864 Fonte-

741 898 1020 967 bellae-
1035 918 1250 984 aquae
1294 897 1553 983 visitur,
1616 896 1982 988 parietibus
1995 948 2015 983 ‚
2089 896 2432 963 universae
2480 894 2829 988 Odysseae
2873 920 2983 964 at-

742 1008 1142 1093 gumentum
1167 1000 1424 1068 solertis
1455 1000 1736 1091 pictoris
1768 999 2093 1091 penicillo
2136 968 2578 1088 spectandum
2619 998 2980 1090 exhibuit.)

727 1101 1130 1178 Eustathius
1177 1102 1302 1192 (ad
1332 1101 1470 1173 Od.
1500 1125 1562 1169 x.
1595 1126 1668 1194 p.
1703 1100 2029 1170 1927:-
2045 1099 2233 1185 786,
2285 1098 2678 1193 61:38.)
2731 1103 2980 1198 Δῆλον

746 1204 818 1281 δ’
863 1204 984 1280 ὅτι
1023 1197 1117 1278 w*
1156 1206 1507 1278 τοιοῦτον
1550 1198 1932 1299 βασιλικόν
1981 1197 2294 1276 δάπεδον
2336 1205 2454 1275 καὶ
2495 1205 2978 1325 κραταίπεδον

742 1309 835 1383 ἂν
868 1312 973 1405 εἴη
1007 1300 1133 1381 deo?
1156 1301 1249 1380 τό
1278 1335 1368 1387 ως
1406 1302 1589 1389 εἰκός
1617 1300 2123 1430 λιθόστρωτον
2149 1301 2370 1377 εἶναι·
2391 1306 2588 1433 περὶ
2632 1304 2720 1380 οὗ
2749 1300 2980 1402 σαφής

744 1437 1045 1509 φρασις,
1097 1403 1229 1494 τό,
1280 1410 1519 1482 ταῦτα
1569 1411 1646 1484 δὲ
1702 1403 1945 1481 πάντα
1995 1402 2309 1481 δάπεδον
2352 1404 2539 1498 εἶχεν
2583 1413 2660 1482 ἐν
2710 1407 2979 1503 ἄβακί-
3020 1481 3025 1488 ,

744 1540 938 1594 σκοις
991 1512 1451 1605 συγκείμενον
1497 1517 1571 1585 ἐκ
1618 1510 1984 1583 παντοίων
2040 1510 2291 1583 λίθων.
2385 1510 2638 1584 ’Ένθα
2699 1510 2841 1606 ὅρα
2889 1504 2979 1583 τό

641 1703 649 1708 α
743 1614 1194 1709 α’βακίσκοις·
1264 1618 1335 1697 ἐξ
1392 1610 1482 1685 οὗ
1538 1614 1755 1710 δῆλον
1810 1641 1900 1693 ως
1960 1609 2049 1685 οὐ
2111 1607 2345 1704 μόνον
2416 1612 2530 1686 ἐπὶ
2589 1616 2876 1694 σανίδος
2935 1610 2979 1685 ὅ

742 1719 935 1813 ἅβαξ
977 1714 1096 1789 καὶ
1144 1711 1236 1790 ⁰16
1302 1709 1650 1808 ἀβάκιον,
1720 1711 1883 1806 ἆυ,
1929 1709 2091 1787 ιὸου
2133 1715 2252 1787 καὶ
2304 1715 2422 1789 ἐπὶ
2466 1714 2695 1789 λίθων
2754 1714 2977 1809 ὁμοι-

743 1813 1167 1915 οσχημόνων
1223 1819 1525 1901 ξυλίνοις
1582 1817 1863 1912 ἄβαξιν
1996 1817 2153 1906 (De
2210 1838 2422 1910 opere
2497 1820 2764 1888 musivo
2834 1820 2978 1888 fuse

518 1981 525 1988 .
637 1940 642 1946 ·
742 1932 812 1990 et
865 1922 1072 1992 docte
1100 1922 1258 2016 *egit
1303 1922 1594 1994 casaub.
1644 1920 1736 1989 ad
1774 1922 2049 1990 Sueton.
2093 1920 2136 1987 i.
2187 1918 2393 2013 46.)“

740 2127 1136 2200 Cuiusmodi
1168 2126 1792 2219 interpolationibus
1825 2126 1987 2215 quid
2036 2125 2223 2196 aliud
2254 2125 2577 2197 effectum
2604 2135 2724 2214 est,
2776 2145 2977 2218 quam

737 2241 847 2318 ut,
919 2232 1034 2320 qui
1076 2232 1245 2301 scire
1292 2232 1494 2317 velit,
1560 2231 1730 2321 quid
1777 2230 2163 2322 Stephanus
2211 2231 2359 2322 ipse
2398 2229 2686 2317 dixerit,
2769 2228 2977 2299 veteri

737 2337 1038 2405 editione
1068 2357 1301 2405 carere
1325 2328 1674 2424 nequeat?
1724 2335 1817 2403 Et
1850 2357 2056 2423 quam
2084 2334 2280 2403 multi
2296 2382 2317 2420 ‚
2370 2336 2613 2423 quibus
2653 2331 2819 2402 οΙίιιι
2856 2333 2976 2401 illa

735 2461 873 2508 non
906 2439 996 2506 ad
1033 2462 1308 2508 manum
1338 2440 1493 2523 erit,
1546 2436 1989 2529 ambiguitate
2015 2438 2189 2505 ista
2168 2462 2241 2505 m
2273 2460 2572 2507 errorem
2614 2437 2974 2515 coniieien-

731 2554 877 2629 tur,
935 2542 1427 2634 stephanoque
1476 2543 1801 2626 tribuent,
1872 2562 2047 2630 quae
2090 2564 2492 2630 numquam
2509 2543 2598 2610 ab
2639 2542 2762 2609 illo
2811 2538 2979 2609 scri-

733 2656 857 2739 pta
899 2646 1220 2716 fuerunt?
1316 2648 1595 2713 Praeter
1623 2642 1813 2712 -haee
1863 2644 2039 2711 illud
2088 2646 2414 2734 quodque
2464 2645 2668 2713 valde
2711 2646 2973 2715 incom-

734 2747 1017 2820 modum
1068 2758 1202 2831 est,
1270 2746 1463 2836 quod
1478 2795 1499 2832 ,
1583 2769 1761 2835 quae
1804 2768 1887 2815 ex
1930 2745 2216 2816 aliorum
2258 2748 2518 2839 scriptis
2564 2747 2974 2839 deprompta

737 2861 918 2935 sunt,
989 2851 1118 2920 etsi
1157 2852 1303 2920 fere
1344 2850 1671 2919 uncinulis
1723 2850 1812 2917 ad
1857 2851 2154 2939 primum
2195 2853 2642 2942 ultimumque
2690 2852 2972 2919 verbum

689 2949 698 2960 χ
733 2954 1018 3046 appictis
1068 3003 1112 3040 ‚‚
1138 2961 1184 2998 ‘⁶
1216 2953 1744 3045 distinguuntur,
1837 2962 2069 3044 ‘tamen
2129 2963 2415 3046 propter
2482 2954 2976 3023 multitudinem
3037 3007 3041 3011 .

736 3059 985 3128 horum
1049 3058 1517 3128 uncinulorum
1570 3078 1777 3147 saepe
1837 3055 1958 3124 diu
2014 3058 2475 3147 quaerendum
2534 3066 2634 3125 est
2649 3109 2669 3145 ,
2766 3077 2974 3146 usque

682 3162 938 3245 9dum,
990 3161 1174 3229 cuius
1227 3183 1310 3229 ea
1352 3161 1561 3229 verba
1604 3160 1764 3245 sint,
1817 3163 2132 3252 reperias.
2235 3162 2434 3230 Haec
2478 3160 2705 3229 omnia
2732 3161 2974 3228 talibus

734 3263 1135 3355 quibusdam
1149 3302 1153 3305 <
1167 3263 1372 3355 signis
1402 3263 1762 3355 appositis,
1792 3282 1990 3351 quae
2022 3264 2228 3335 facile
2260 3265 2442 3334 ultro
2488 3265 2558 3332 in
2602 3264 2842 3334 oculos
2858 3264 2974 3330 in-

734 3376 1076 3439 currerent
1090 3416 1111 3453 ,
1196 3366 1427 3434 evitari
1492 3374 1870 3456 potuerant.
1998 3366 2286 3453 Contra,
2370 3390 2548 3457 quae
2610 3390 2695 3435 ex
2739 3366 2971 3435 Indice

732 3472 1066 3565 Stephani
1101 3480 1380 3562 recepta
1440 3478 1593 3537 sunt
1610 3517 1629 3555 ,
1685 3491 1823 3536 non
1864 3492 2036 3562 opus
2077 3470 2424 3540 habebant
2469 3469 2799 3539 uncinulis
2838 3470 2973 3538 istis

733 3577 823 3644 ad
859 3575 1159 3668 singulos
1186 3580 1410 3643 versus
1436 3572 1795 3664 appositiS‚
1847 3575 2087 3664 quibus
2131 3575 2379 3644 rectius
2395 3624 2415 3662 ‚
2467 3597 2643 3663 quae
2683 3575 2972 3641 aliorum

639 3755 660 3766 x
733 3679 1189 3749 additamenta
1211 3687 1381 3764 sunt,
1433 3677 1722 3745 discreta
1748 3677 2043 3745 fuissent.
2149 3678 2361 3762 Quod
2392 3678 2482 3746 de
2513 3686 2720 3761 textu,
2772 3678 2972 3746 etiam

735 3782 824 3849 de
870 3783 1411 3851 adnotationibus
1458 3780 1717 3870 dietum
1758 3781 2069 3849 volumus
2088 3829 2109 3866 ‚
2181 3805 2466 3870 quarum
2520 3782 2591 3848 in
2641 3781 2970 3872 plurimis,

729 3907 909 3973 quae
949 3885 1380 3977 longissimae
1425 3893 1612 3968 sunt,
1678 3907 1883 3973 saepe
1932 3907 2195 3977 ,magna
2238 3884 2589 3977 diligentia
2633 3907 2806 3975 opus
2850 3892 2971 3969 est,

731 3997 810 4057 ut
853 3987 1456 4058 animadvertamus
1474 4036 1493 4074 ‚
1563 3996 1788 4054 utrum
1806 4013 1819 4032 ‘
1836 3988 2232 4074 Editornm,
2299 4011 2385 4055 an
2432 3988 2719 4062 aliorum
2764 3989 2972 4056 verba

731 4092 1058 4182 legamus·
1162 4091 1522 4159 Praeterea
1545 4091 1718 4158 illud
1748 4113 2024 4180 quoque
2056 4092 2413 4159 molestum
2446 4100 2580 4178 est,
2632 4091 2825 4180 quod
2859 4089 2974 4179 qui

732 4196 801 4262 in
843 4202 1023 4262 textu
1057 4194 1265 4283 positi
1305 4202 1455 4261 sunt
1494 4194 1910 4262 minutissimi
1942 4195 2235 4282 numeri,
2291 4195 2383 4262 ad
2418 4218 2583 4286 quas
2629 4205 2833 4262 notae
2860 4216 2972 4261 re-

733 4299 1070 4379 ferantur,
1135 4295 1224 4362 ita
1268 4297 1503 4365 oculos
1541 4298 1845 4388 fugiunt,
1914 4306 1989 4365 ut
2039 4320 2242 4388 saepe
2289 4298 2407 4367 diu
2470 4299 2695 4366 omnia
2735 4295 2972 4389 perlu—

733 4399 1004 4470 stranda
1046 4398 1206 4481 sint,
1258 4401 1646 4489 priusquam
1695 4400 1961 4486 locum,
2031 4402 2120 4468 ad
2150 4424 2353 4499 quem
2395 4409 2654 4495 spectet
2685 4401 2973 4468 adnota-

734 4506 827 4573 tio
846 4553 867 4590 ‚
933 4503 1243 4574 invenias.
1319 4545 1323 4550 -
1366 4502 1578 4587 Quod
1618 4503 1821 4572 facile
1868 4503 2063 4577 vitari
2102 4515 2409 4597 poterat,
2479 4504 2776 4574 numeris
2835 4502 2973 4573 istis
