3325 5317
1150 419 1811 516 mssnnn‘rlo.
2456 422 2590 522 2s5
2663 508 2670 519 .

580 627 941 698 nu‘serum
984 621 1402 720 impeditum
1450 619 1656 695 esse?
1703 624 1802 694 D.
1853 620 1934 696 cit
1981 625 2134 696 iam
2183 626 2585 721 eapediam.

450 740 457 747 ’
1262 729 1349 805 Ρ.
1368 726 1704 823 &pridies
1717 725 1760 799 ἲ
1808 729 1906 800 D.
1940 738 2154 819 certe,
2183 728 2586 829 Ptimplu'le.

344 904 530 974 Illud
577 926 740 973 vero
792 925 1157 995 perperam
1172 950 1195 989 ,
1261 902 1451 992 qnod
1505 902 1576 972 in
1622 901 1868 973 eadem
1922 919 2124 974 scena
2168 926 2290 974 suo
2333 903 2586 976 indicio

343 1009 690 1079 Bentleius
734 1006 927 1076 dedit
969 1029 1033 1075 v.
1085 1004 1157 1075 8.
2491 1002 2502 1007 “

491 1268 496 1274 ἡ
597 1200 731 1249 nec
769 1174 943 1272 quid
976 1199 1092 1246 me
1129 1196 1314 1247 nuuc
1331 1169 1660 1268 facium,
1710 1174 1877 1244 scio.
1928 1174 2027 1244 D.
2063 1131 2195 1247 uec
2236 1176 2411 1272 quid
2449 1201 2586 1266 me,

1271 1286 1486 1370 atque
1535 1277 1617 1347 id
1668 1299 1820 1371 ago
1870 1276 2138 1354 sedulo.

338 1470 577 1564 Vulgo
630 1470 701 1538 in
740 1469 916 1539 Davi
959 1469 1180 1538 verbis
1201 1516 1223 1554 ,
1286 1489 1420 1537 nec
1466 1466 1756 1562 quidem
1804 1490 1939 1538 me.
2041 1467 2419 1563 Eleganter
2445 1432 2587 1542 ⁶eo-

333 1575 469 1644 dex
514 1573 911 1666 Lipsiensis:

590 1768 722 1816 nec
749 1716 924 1838 quid
950 1756 1137 1813 nunc
1175 1763 1291 1811 me
1309 1737 1606 1838 sacidm
1631 1742 1800 1813 scio.
1850 1739 1947 1809 D.
1975 1763 2107 1811 nec
2133 1739 2251 1814 mei
2274 1743 2582 1839 quidem,

1273 1853 1489 1939 atque
1538 1846 1621 1916 id
1671 1869 1826 1941 ago
1868 1841 2136 1916 se'dulo.

336 2038 486 2106 lam
520 2046 611 2119 *nt
658 2036 940 2106 redeam
989 2035 1079 2105 ad
1127 2032 1322 2120 illud,
1372 2034 1645 2102 nullum
1691 2042 1797 2103 est
1833 2035 1982 2104 iam
2029 2032 2338 2123 dictum,
2392 2036 2588 2128 quod

334 2164 475 2210 non
529 2142 797 2210 dictum
849 2141 941 2209 sit
977 2140 1226 2232 prius,
1278 2160 1416 2205 non
1457 2147 1686 2229 potest
1724 2136 1902 2208 haec
1945 2140 2315 2208 verborum
2356 2140 2585 2210 collo-

337 2245 515 2317 catio
561 2242 1013 2335 reprehendi,
1064 2244 1120 2311 si
1154 2240 1332 2311 haec
1371 2242 1512 2310 sine
1545 2253 1765 2310 metro
1804 2251 2151 2329 tamquam
2178 2265 2387 2334 prosa
2423 2265 2583 2315 ora-

334 2352 432 2418 tio
465 2350 931 2441 proferuntur:
983 2348 1142 2436 quia
1171 2354 1317 2414 tum
1357 2345 1721 2436 repetitum
1764 2345 1906 2417 hoc
1947 2344 2217 2415 dictum
2258 2348 2400 2416 sine
2433 2348 2580 2417 ullo

334 2453 475 2522 ictu
501 2452 1015 2544 pronunciatur,
1071 2458 1138 2518 et
1178 2449 1406 2541 potius
1436 2450 1506 2515 in
1537 2449 1778 2517 ultimo
1820 2449 2161 2520 vocabulo
2202 2442 2335 2520 vox
2368 2452 2581 2544 erigi-

332 2566 461 2627 tur.
563 2557 646 2625 In
687 2577 885 2623 versu
925 2576 1088 2622 vero
1142 2552 1385 2622 eadem
1424 2575 1635 2643 prava
1681 2554 1805 2621 erit
1851 2553 2198 2644 dispositio
2216 2603 2237 2640 ,
2305 2555 2465 2644 quia
2490 2555 2581 2624 „in

334 2668 625 2750 utroque
669 2659 978 2728 membro
1023 2656 1267 2726 eadem
1323 2655 1527 2725 huius
1585 2658 1778 2726 verbi
1825 2658 2095 2727 dictum
2140 2659 2401 2749 syllaba
2441 2681 2580 2728 non

332 2764 547 2832 modo
578 2765 822 2850 ictum,
883 2760 1005 2831 sed
1046 2761 1248 2830 etiam
1292 2761 1611 2829 eumdem
1642 2762 1855 2830 ictum
1900 2760 2225 2853 dipodiae
2274 2761 2581 2832 habebit.

329 2868 445 2935 Ex
478 2890 616 2956 quo
652 2863 1049 2959 intelligitur
1063 2917 1082 2953 ‚
1135 2864 1603 2956 recipiendum
1635 2865 1838 2934 fuisse
1856 2912 1877 2948 ‚
1930 2863 2119 2955 quod
2153 2866 2448 2958 quinque
2480 2868 2582 2936 illi

332 2971 607 3040 codices
642 2970 1120 3060 praebuerunt,
1172 2968 1415 3060 quibus
1439 2976 1663 3037 noster
1694 2967 1955 3039 accedit
1982 2969 2344 3062 Lipsiensis
2378 2972 2576 3060 liber,

332 3074 525 3166 quod
572 3095 711 3142 nou
759 3072 883 3142 sit-
902 3071 1174 3141 dictum
1210 3072 1443 3166 prius.

532 3296 846 3389 Denique
897 3320 985 3367 ne
1035 3297 1368 3390 postremi
1421 3254 1702 3388 quidem
1749 3319 1979 3367 versus
2031 3268 2236 3367 'huius
2290 3296 2575 3391 prologi

330 3402 475 3475 sine
517 3399 655 3469 levi
702 3402 1001 3490 quadam
1043 3402 1616 3473 animadversione
1654 3402 1901 3473 dimitti
1940 3409 2280 3492 poterunt.

582 3552 783 3623 Date
831 3576 1130 3647 operam
1183 3561 1251 3624 et
1301 3578 1463 3624 cum
1519 3556 1796 3624 silentio
1846 3554 2162 3622 animum
2206 3552 2573 3640 attendite,

583 3665 662 3726 ut
684 3659 1182 3752 ¹pernoscatis,
1236 3658 1411 3751 quid
1460 3656 1596 3727 siba·
1643 3657 2035 3726 Eunuchus
2092 3656 2280 3725 velit.

324 3814 665 3887 observat
694 3816 996 3887 Faernus
1012 3865 1034 3902 ‚
1085 3815 1155 3883 in
1187 3812 1473 3902 antiquis
1514 3811 1703 3881 libris
1747 3833 1886 3879 non
1936 3833 2076 3879 esse
2111 3809 2436 3902 copulam
2482 3820 2573 3900 ei,

328 3943 508 4010 quae
560 3929 658 3988 est
703 3922 904 3989 etiam
948 3922 1020 3991 in
1078 3918 1235 3991 cod.
1282 3917 1472 4007 Lips.
1518 3917 1779 3985 omissa.
1881 3914 2226 3983 Bentleius
2285 3917 2573 3986 servavit
2691 3970 2698 3983 ,

328 4045 517 4101 eam:
567 4023 728 4091 libri
767 4024 977 4115 ipsius
1012 4032 1261 4112 utrum·
1289 4020 1622 4090 haberent
1636 4067 1658 4105 ‚
1722 4041 1809 4087 an
1845 4018 2381 4113 non-haberent,
2432 4043 2573 4091 non

324 4125 667 4195 indicavit.
770 4126 1025 4196 Fateor
1087 4149 1224 4195 non
1281 4124 1572 4192 multum
1622 4122 1957 4191 interesse.
2058 4125 2378 4193 Attamen
2430 4148 2572 4194 non

323 4239 583 4299 temere
627 4228 1009 4319 spernenda
1040 4238 1159 4298 ‘est
1207 4228 1540 4297 librorum
1586 4228 1947 4299 auctoritas
1961 4274 1983 4312 ‚
2063 4226 2461 4319 praesertim
2514 4230 2572 4297 si

320 4333 462 4402 alia
498 4356 652 4402 eam
676 4333 915 4402 similia
946 4332 1258 4424 exempla
1287 4332 1707 4403 confirment.
1810 4330 2099 4400 Videtur
2127 4341 2356 4404 autem
2390 4331 2571 4402 haee

323 4435 616 4525 locutio,
676 4458 976 4534 operam
1024 4436 1212 4508 dare
1226 4485 1250 4526 ‚
1314 4434 1583 4509 adiecto
1641 4435 1785 4507 sine
1834 4435 2089 4531 copula
2142 4436 2280 4507 alio
2302 4434 2558 4529 .verbo,
2571 4445 2661 4511 24
