3325 5317
755 434 886 509 1⁶14
980 437 1088 501 ns
1126 434 1649 501 mir-momen
1692 410 2175 502 cmcom'm
2215 438 2768 516 mnovtssma

756 613 852 685 sic
895 611 1352 704 Etymologus
1388 632 1460 741 Ρ.
1492 604 1682 697 215,
1736 610 1858 682 37.
1906 608 2254 693 Ησίοδος
2297 614 2417 692 δέ,
2470 607 2623 687 dno
2655 613 2988 712 Βροτοῦ,

754 715 898 791 τοῦ
938 716 1267 812 Aloe-'poc
1317 714 1437 786 καὶ
1474 711 1849 812 Ἡμέραςε
1915 716 2156 804 quibus
2202 717 2427 788 verbis
2468 717 2735 787 divinae
2777 720 2991 810 parti-

756 819 916 892 cula
945 840 1150 888 aurae
1182 818 1452 888 mortali
1494 839 1788 911 corpore
1827 819 2084 889 inclusa
2114 818 2514 890 declaratur.

956 1022 1276 1114 Sequitur
1290 1072 1311 1110 ,
1388 1023 1555 1117 quid
1606 1024 1932 1111 Materia,
2027 1032 2095 1094 et
2147 1024 2443 1116 primum
2501 1024 2781 1115 quidem
2852 1025 2994 1094 sine

755 1128 1050 1220 coniuge
1066 1175 1089 1215 ,
1153 1129 1272 1217 qui
1326 1126 1653 1197 nondum*
1670 1139 1814 1198 erat
1855 1129 2029 1198 ullus
2045 1175 2066 1212 ,
2143 1129 2471 1220 genuerit.
2588 1127 2862 1197 Oreavit
2913 1153 2996 1197 ea

754 1241 982 1300 autem
1041 1231 1268 1321 primo
1324 1225 1663 1326 Οὐρανόν
1681 1287 1710 1321 ,
1762 1233 2137 1324 Superum,
2190 1254 2234 1298 a
2261 1232 2474 1300 verbo
2519 1228 2757 1328 ὅροιν,
2810 1232 2995 1301 unde

756 1336 957 1402 etiam
1000 1332 1230 1430 ὄρος,
1274 1333 1568 1420 dictum,
1634 1335 1825 1424 quod
1850 1368 1855 1373 ·
1878 1335 2051 1406 caeli
2104 1334 2435 1420 fornices,
2510 1356 2682 1424 quos
2739 1334 2997 1404 Ennius

737 1437 1163 1530 appellavit,
1228 1437 1318 1507 ab
1366 1446 1665 1507 extremo
1715 1448 1935 1507 terrae
1994 1438 2275 1507 circuitu
2338 1439 2409 1506 in
2469 1438 2680 1507 altum
2734 1439 2997 1535 cui-gari

753 1542 1158 1614 viderentur.
1262 1538 1475 1609 Caelo
1522 1550 1753 1610 creato
1801 1542 2083 1612 crassior
2130 1540 2463 1610 Materiae
2504 1564 2663 1633 pars
2727 1542 2801 1610 in
2840 1552 2997 1610 eam

701 1657 743 1720 7
759 1645 1056 1738 speciem
1088 1643 1415 1728 formata,
1465 1667 1672 1733 quam
1712 1647 2065 1714 Tellurem
2087 1655 2447 1714 'vocamus
2548 1643 2635 1713 ld
2676 1645 2998 1734 antiquis-

753 1748 995 1817 simum
1023 1747 1198 1816 illud
1228 1768 1502 1817 carmen
1526 1770 1655 1838 per
1695 1751 1992 1818 extre‘ma
2022 1749 2420 1839 designavit,
2459 1745 2729 1845 Οὔρεα,
2781 1747 2997 1841 Mon-

751 1859 888 1937 tes,
954 1850 1337 1934 nominans,
1390 1859 1457 1919 et
1494 1845 1815 1926 Πόντον.
1922 1851 2064 1922 Sed
2104 1852 2245 1922 hoc
2285 1861 2706 1942 postremum
2746 1871 2998 1920 nomen

751 1976 891 2022 non
931 1953 1260 2022 intellexit
1302 1954 1675 2042 HesioduS,
1727 1979 1938 2044 quum
1976 1955 2400 2024 exornandae
2442 1955 2542 2029 rei
2584 1977 2816 2025 caussa
2856 1957 2997 2029 πέ-

753 2061 969 2151 λαγος
1030 2057 1221 2150 μέγα
1288 2059 1588 2150 οἴδματι
1656 2060 1854 2133 θῦον
1904 2059 2185 2128 addidit.
2294 2060 2622 2151 Πέλαγος
2669 2061 2887 2145 enim,
2953 2082 2998 2125 a

750 2161 970 2245 verbo
1016 2152 1347 2246 πελάζειν
1394 2160 1692 2248 dictum,
1732 2168 1820 2231 ἰιι
1861 2165 1950 2232 ab
1979 2163 2234 2232 Latinis
2270 2160 2573 2248 Venilia,
2638 2184 2827 2230 mare
2864 2183 2996 2236 no.-

748 2271 881 2333 tat:
940 2286 984 2330 a
1029 2286 1165 2356 qua
1201 2264 1463 2356 origine
1504 2266 1709 2334 etiam
1739 2264 2115 2360 πελασγοί,
2170 2265 2508 2334 advenae:
2561 2264 2653 2334 de
2703 2287 2998 2355 quorum

751 2367 1022 2443 sedibus
1070 2367 1190 2456 qui
1233 2377 1596 2456 quaerunt,
1670 2370 2184 2461 propemodum
2234 2368 2421 2437 idem
2464 2376 2712 2460 agunt,
2776 2391 2864 2439 ac
2919 2368 2997 2450 si,

751 2471 944 2562 quod
999 2471 1253 2560 ubique
1304 2480 1632 2540 terrarum
1684 2482 2091 2545 mercatores
2136 2494 2220 2541 ac
2252 2475 2764 2564 peregrinantes
2804 2473 2998 2540 inve·

748 2576 1011 2645 niuntur
1026 2623 1048 2660 ,
1115 2573 1247 2643 hos
1292 2585 1512 2645 certos
1568 2587 1907 2647 certarum
1944 2577 2305 2670 regionum
2351 2577 2651 2670 populos
2692 2598 2833 2644 esse
2871 2573 2998 2645 sibi

749 2678 1253 2773 persuaderent.
1371 2678 1588 2770 Igitur
1636 2675 1970 2770 Πόντος,
2044 2680 2553 2765 Profundanus,
2621 2700 2761 2747 non
2807 2698 2998 2747 mare

752 2792 884 2869 est,
932 2782 1123 2872 quod
1160 2781 1463 2850 nondum
1509 2792 1843 2871 creatum,
1895 2784 2017 2853 sed
2059 2783 2503 2874 profunditas.
2606 2781 2997 2875 Cognatum

748 2908 999 2956 nomen
1028 2908 1188 2956 cum
1217 2885 1427 2955 verbo
1469 2893 1790 2972 πιτνεΐν,
1837 2896 2304 2976 servatumque
2345 2887 2416 2955 in
2456 2886 2698 2955 Latina
2734 2887 2994 2980 lingua,

729 2989 1017 3085 fundus
1033 3036 1055 3074 ,
1140 2989 1261 3057 sed
1313 2990 1625 3080 paullum
1669 2990 1934 3059 deflexo
1976 2991 2374 3083 significatu.
2474 2991 2705 3079 Atque
2746 2990 2990 3059 demit·-

747 3104 893 3162 tere
936 3092 1029 3160 ad
1060 3091 1349 3161 fundum
1392 3095 1593 3163 maris
1632 3093 1995 3192 ποντίζειν
2042 3094 2323 3181 dicitur,
2371 3115 2509 3163 nou
2537 3094 2997 3182 θαλασσοῦν,

750 3195 942 3287 quod
993 3194 1181 3264 aliud
1231 3204 1349 3264 est.

955 3401 1168 3473 Caeli
1190 3398 1445 3472 dehinc
1479 3401 1874 3492 Terraeque
1915 3405 2322 3507 progeniem
2363 3411 2706 3472 enumerat
2740 3403 2994 3473 Hesio-

747 3507 920 3594 dus,
971 3506 1267 3577 fideliter
1304 3505 1612 3599 singulos
1650 3529 1735 3574 eo
1784 3507 2019 3577 ordine
2062 3492 2448 3600 producens
2465 3555 2487 3592 ,
2537 3528 2675 3597 quo
2723 3509 2996 3599 sapien-

746 3613 994 3681 tissime
1032 3612 1123 3680 ab
1163 3611 1440 3700 antiquo
1474 3620 1751 3680 auctore
1798 3612 2108 3704 dispositi
2146 3612 2428 3679 fuerant.
2527 3610 2732 3681 Vnde
2776 3613 2995 3681 multo

747 3717 1156 3786 recentiores
1202 3738 1348 3786 esse
1377 3724 1683 3819 apparet
1729 3712 2078 3808 Orphicos
2125 3737 2350 3784 versus
2397 3714 2468 3782 in
2513 3715 2764 3807 fragm.
2801 3715 2994 3785 VIII.

746 3817 820 3885 in
860 3820 1102 3907 quibus
1148 3818 1266 3890 hic
1313 3802 1487 3888 ordo
1532 3819 1856 3888 Titanum
1894 3819 2386 3911 Mperitissime
2413 3825 2525 3886 εει
2541 3820 3064 3911 perturbatus..

746 3921 1014 3990 Primus
1060 3923 1268 4015 igitur
1331 3932 1523 3991 natus
1576 3917 1983 4012 Ὠκεανός,
2066 3922 2496 4008 Celerivena‚
2575 3932 2715 3990 non
2770 3923 2894 3993 ille
2951 3949 2993 3993 a

748 4023 962 4093 verbo
993 4019 1200 4099 νοέειν
1215 4080 1245 4116 ,
1297 4034 1374 4095 ut
1413 4027 1840 4119 grammatici
1872 3978 2145 4113 volunt,
2198 4025 2320 4093 sed
2352 4027 2443 4094 ab
2475 4025 2864 4097 obsoleto
2819 4055 2989 4109 εειν,
3066 4042 3071 4047 ’

748 4127 894 4212 ire,
962 4126 1220 4212 dictus,
1301 4138 1378 4197 ut
1423 4131 1513 4198 ab
1555 4127 1793 4227 ὅροιν
1809 4124 2159 4227 Οὐρανός.
2262 4129 2476 4198 Aliud
2530 4130 2673 4198 eius
2720 4152 2992 4217 nomen,

749 4222 991 4328 Ὦγήν
1006 4284 1036 4320 ,
1090 4231 1179 4298 ab
1206 4253 1340 4299 ovo
1377 4231 1695 4321 ductum,
1745 4234 1937 4325 quod
1982 4232 2367 4318 materiam,
2418 4242 2495 4302 ut
2513 4233 2873 4322 vitellum,
2921 4235 3025 4321 in*

747 4332 981 4404 medio
1042 4332 1301 4403 aluerit.
1419 4336 1825 4458 Intelligitur
1889 4346 2115 4407 autem
2174 4334 2491 4443 Oceanus
2572 4357 2712 4405 non
2785 4359 2992 4428 quem

747 4446 989 4531 postea
1020 4436 1116 4507 ita
1151 4438 1415 4525 dixere,
1466 4439 1586 4510 sed
1622 4442 1721 4511 vis
1732 4464 2090 4539 aquarum
2104 4489 2147 4530 ,
2177 4434 2356 4532 quae
2417 4443 2677 4559 ingenti
2725 4441 2991 4536 impetu
3090 4472 3098 4478 ·
