3325 5317
747 477 874 541 146
1026 473 1140 536 DE
1206 470 1528 534 CHORO
1589 468 2174 535 EVMEMDVM
2222 467 2691 532 AESCHYLI

1378 645 1449 715 2.
1499 643 1775 735 Pugnat
1816 640 2199 734 Aeschylus
2245 643 2337 713 ad
2369 643 2700 713 Plataeas.
2797 641 2988 712 Arsit

1449 747 1749 843 *Aetna,
1798 746 2171 818 secundum
2219 770 2458 816 marm.
2510 745 2642 817 Ox.
2689 766 2802 836 ep.
2850 741 2982 814 53.

1491 871 1551 918 v.
1582 847 1707 918 68.
1736 850 1927 939 quod
1962 849 2410 942 Thucydides
2436 850 2620 918 annis
2648 849 2986 938 quinqua-

1487 953 1683 1045 ginta
1725 963 1881 1023 ante
1921 943 2199 1047 olymp.
2250 952 2692 1023 LXXXVIII.
2745 951 2817 1019 3.
2859 974 2983 1022 ac-

1490 1055 1736 1149 cidisse
1761 1056 1987 1125 refert.
2091 1057 2396 1126 Recente
2438 1055 2668 1125 adhuc
2689 1054 2984 1125 incendii

1484 1159 1665 1227 illius
1716 1159 2045 1233 memoria
2102 1160 2428 1251 scriptum
2500 1182 2646 1228 esse
2691 1159 2986 1228 Prome-

1484 1261 1727 1332 theum
1772 1263 2067 1333 vinctum
2080 1310 2103 1350 ,
2168 1284 2457 1356 arguere
2517 1261 2782 1332 videtur
2812 1262 2987 1333 vati-

1432 1411 1440 1418 ·
1490 1365 1740 1436 ciuium
1777 1389 1861 1435 ea
1905 1365 1997 1434 de
2037 1389 2117 1436 re
2140 1365 2538 1436 Promethei
2563 1366 2662 1457 *).

1377 1517 1449 1585 3.
1501 1516 1787 1587 Mortuo
1818 1517 2073 1588 Geloni
2109 1518 2413 1589 succedit
2437 1517 2674 1588 Hiero.

1376 1671 1448 1740 4.
1500 1670 1848 1742 Ducentur
1909 1672 2288 1764 Phrynichi
2333 1671 2741 1741 Phoenissae
2757 1719 2779 1757 ,
2814 1688 2823 1695 “
2857 1694 2987 1740 au-

1488 1783 1681 1843 ctore
1708 1776 2022 1845 Bentleio
2048 1777 2122 1844 in
2155 1798 2333 1868 resp.
2366 1775 2456 1844 ad
2482 1775 2684 1864 Boyl.
2716 1798 2789 1866 p.
2809 1770 2983 1841 141.

1489 1899 1588 1966 sq.
1629 1874 1807 1951 145.
1869 1880 1956 1969 (s.
2011 1879 2083 1946 in
2132 1877 2388 1971 Opusc.
2431 1901 2504 1971 p.
2550 1876 2725 1946 247.
2775 1874 2984 1967 296.)

1489 1990 1645 2048 ante
1670 1981 1908 2050 Persas
1944 1980 2303 2073 Aeschyli:
2351 2003 2416 2051 v.
2449 2003 2713 2074 argum.
2742 1982 2988 2049 Persa-

1487 2105 1660 2151 rum.
1765 2084 1964 2170 Quae
1991 2094 2230 2156 contra
2265 2086 2654 2155 Bentleium
2690 2084 2988 2175 disputat

1493 2186 1784 2256 Siebelis
1833 2187 1923 2257 de
1960 2187 2214 2258 Aesch.
2265 2190 2450 2257 Pers.
2501 2183 2622 2257 15.
2670 2188 2863 2255 nulla.
2899 2206 2986 2253 ex

1487 2299 1684 2381 parte
1724 2292 2055 2362 rationem
2105 2292 2298 2362 illam
2346 2292 2761 2361 labefactare
2817 2310 2986 2381 pos-

1482 2402 1649 2463 sunt.

648 2554 733 2630 1⁰
746 2556 1028 2652 Olymp.
1061 2559 1458 2630 Lxxvm.
1490 2562 1708 2633 Hiero
1722 2556 1753 2652 ,‘
1812 2563 2103 2657 expulsis
2155 2561 2503 2634 Gutunaeis
2518 2613 2540 2651 ,
2611 2562 2778 2631 alios
2815 2559 2988 2631 illuc

637 2692 644 2698 ·
1490 2669 1771 2738 colonos
1799 2668 2146 2739 deducere
2170 2668 2481 2756 instituit,
2530 2667 2815 2757 urbique
2851 2685 2989 2733 no-

822 3016 882 3104 *)
924 3020 1093 3083 Idem
1134 3021 1540 3085 Schneiderus
1580 3025 1647 3084 in
1689 3025 1896 3087 eadem
1944 3028 2316 3108 praefatione
2358 3040 2490 3092 tum
2528 3046 2609 3089 ex
2645 3025 2853 3088 indole
2905 3024 2982 3084 il·

737 3106 861 3168 lius
888 3108 1131 3169 fabulae
1176 3108 1576 3171 demonstrari
1603 3132 1785 3192 posse
1813 3121 2022 3194 putat,
2068 3115 2380 3198 aliquanto
2420 3123 2562 3196 post
2594 3124 2789 3174 actam
2827 3129 2982 3185 esse,

742 3195 917 3253 cuius
949 3195 1277 3255 sententiae
1307 3207 1655 3276 argumenta
1698 3200 1820 3258 alio
1862 3208 2137 3282 tempore
2180 3203 2563 3284 prolaturum
2605 3219 2806 3280 spero,
2851 3205 2986 3256 tum

742 3297 824 3339 ex
867 3298 936 3338 eo
993 3279 1060 3339 id
1097 3279 1348 3360 ’liquido
1408 3283 1697 3362 consequi
1748 3293 1980 3360 censet,
2037 3287 2238 3366 quod,
2297 3307 2487 3367 quum
2543 3285 2758 3346 tertius
2810 3289 2984 3341 actor

740 3362 817 3423 ab
862 3363 1166 3445 Sophocle
1221 3366 1301 3426 sit
1353 3367 1673 3444 inventus,
1740 3369 1846 3449 qui
1900 3370 2164 3451 primum
2223 3373 2505 3434 docuerit
2557 3370 2821 3430 fabulam
2877 3365 2979 3425 01.

739 3450 1039 3512 LXXVII.
1060 3457 1120 3518 3.
1157 3472 1290 3513 non
1314 3452 1583 3532 potuerit
1624 3462 1765 3514 ante
1808 3475 1945 3514 eum
1988 3476 2212 3518 annum
2258 3458 2460 3518 sabula
2503 3454 2783 3539 produci,
2827 3470 2987 3532 quae

735 3545 866 3596 tres
907 3537 1090 3598 simul
1128 3538 1193 3598 in
1244 3558 1481 3600 scenam
1523 3548 1759 3600 actores
1802 3540 2062 3607 afferret.
2122 3543 2312 3625 Atqui
2337 3545 2401 3604 in
2429 3538 2786 3602 Prometheo
2824 3557 2986 3618 pro-

737 3621 870 3681 dire
926 3623 1131 3684 statim
1183 3622 1251 3683 in
1299 3624 1607 3705 principio
1658 3624 2082 3689 Prometheum
2097 3673 2116 3702 ‚
2204 3628 2570 3705 Vulcanum,
2631 3635 2694 3686 et
2745 3622 2982 3684 Robur.

736 3706 889 3766 Nam
930 3709 1107 3770 etiam
1151 3708 1602 3787 Prometheum,
1647 3712 1924 3792 quamvis
1966 3723 2264 3776 tacentem
2309 3734 2379 3775 ea
2422 3715 2486 3773 in
2529 3731 2736 3783 scena,
2776 3717 2987 3770 tamen

739 3809 931 3867 agere.
1015 3796 1281 3858 Rectene
1323 3816 1401 3856 an
1443 3816 1616 3857 secus
1659 3796 1728 3858 id
1770 3796 1996 3859 dixerit
2034 3799 2132 3860 vir
2186 3798 2587 3865 doctissimus,
2629 3804 2761 3856 tum
2804 3803 2988 3875 pote-

737 3874 824 3934 rit
862 3877 1153 3954 iudicari,
1200 3899 1388 3960 quum
1425 3882 1754 3960 constabit,
1814 3892 2020 3945 utrum
2060 3883 2277 3944 histrio
2319 3885 2626 3944 immotam
2668 3881 2838 3940 illam
2869 3899 2986 3960 per

740 3958 973 4038 aliquot
997 3962 1184 4023 horas
1232 3966 1546 4027 stationem
1591 3968 1881 4028 sustinere
1922 3970 2223 4049 potuerit,
2282 3989 2357 4027 an
2401 3968 2791 4028 simulacrum
2831 3964 2988 4026 fue-

662 4111 665 4114 ,
734 4043 853 4118 rit,
914 4046 1080 4125 quod
1120 4048 1391 4109 manibus
1445 4052 1820 4133 pedibusque
1861 4054 2177 4132 religatum
2230 4061 2292 4113 et
2331 4072 2525 4114 cuneo
2567 4071 2681 4133 per
2718 4048 2988 4112 medium

737 4138 954 4209 pectus
992 4131 1208 4191 adacto
1244 4135 1386 4215 rupi
1428 4136 1797 4216 affigebatur.
1880 4138 2046 4198 Haec
2090 4138 2471 4215 coniectura,
2514 4157 2669 4220 quae
2722 4136 2905 4197 etiam
2949 4156 2988 4196 a

736 4213 1054 4275 Welckero
1095 4216 1161 4274 in
1201 4216 1358 4277 libro
1409 4220 1485 4280 de
1526 4222 1769 4301 trilogia
1809 4220 2094 4305 Aeschyli
2135 4244 2201 4304 p.
2245 4229 2347 4290 80.
2382 4224 2646 4305 prolata
2691 4231 2816 4297 est,
2861 4219 2987 4280 ha-

735 4298 845 4360 bet
886 4298 1160 4381 quidem,
1219 4322 1409 4381 quare
1454 4306 1520 4365 in
1564 4306 1993 4369 dubitationem
2035 4317 2328 4386 vocetur,
2385 4318 2458 4369 ut
2496 4310 2563 4368 in
2605 4327 2859 4369 censura
2897 4296 2986 4364 il..

736 4385 866 4447 lius
904 4384 1050 4446 libri
1089 4385 1156 4446 in
1198 4385 1418 4448 Dim-iis
1464 4390 1582 4452 litt.
1636 4388 1802 4473 Lips.
1865 4414 1919 4453 a.
1967 4398 2153 4462 1825.
2199 4405 2255 4460 1.
2294 4416 2355 4475 p.
2400 4396 2463 4459 7.
2505 4393 2806 4471 indicavi,
2870 4389 2986 4453 sed

739 4468 925 4533 hahet
966 4471 1142 4534 etiam
1159 4514 1180 4549 ,
1240 4491 1365 4553 quo
1408 4473 1585 4536 valde
1622 4477 1958 4557 probabilis
1998 4499 2127 4542 esse
2173 4476 2476 4542 videatur.
2776 4510 2781 4515 ·
