<?xml version="1.0" encoding="UTF-8"?>
<!DOCTYPE html PUBLIC "-//W3C//DTD XHTML 1.0 Transitional//EN"
    "http://www.w3.org/TR/xhtml1/DTD/xhtml1-transitional.dtd">
<html xmlns="http://www.w3.org/1999/xhtml" xml:lang="en" lang="en">
 <head>
  <title>
</title>
<meta http-equiv="Content-Type" content="text/html;charset=utf-8" />
  <meta name='ocr-system' content='tesseract 3.04.00' />
  <meta name='ocr-capabilities' content='ocr_page ocr_carea ocr_par ocr_line ocrx_word'/>
</head>
<body>
  <div class='ocr_page' id='page_1' title='image "./godofrediherman01fritgoog_0039.png"; bbox 0 0 3325 5317; ppageno 0'>
   <div class='ocr_carea' id='block_1_1' title="bbox 26 3271 36 3932">
    <p class='ocr_par' dir='ltr' id='par_1_1' title="bbox 26 3271 36 3932">
     <span class='ocr_line' id='line_1_1' title="bbox 26 3271 36 3932; baseline 0 0"><span class='ocrx_word' id='word_1_1' title='bbox 26 3271 36 3932; x_wconf 95' lang='lat' dir='ltr'><strong> </strong></span> 
     </span>
    </p>
   </div>
   <div class='ocr_carea' id='block_1_2' title="bbox 800 465 2624 534">
    <p class='ocr_par' dir='ltr' id='par_1_2' title="bbox 800 465 2624 534">
     <span class='ocr_line' id='line_1_2' title="bbox 800 465 2624 534; baseline 0.003 -7"><span class='ocrx_word' id='word_1_2' title='bbox 800 465 1284 531; x_wconf 78' lang='lat' dir='ltr'><strong>SERMONIS</strong></span> <span class='ocrx_word' id='word_1_3' title='bbox 1340 465 1824 529; x_wconf 75' lang='lat' dir='ltr'><strong>HOMERICI</strong></span> <span class='ocrx_word' id='word_1_4' title='bbox 1889 466 2112 528; x_wconf 79' lang='lat' dir='ltr'><strong>mss,</strong></span> <span class='ocrx_word' id='word_1_5' title='bbox 2156 467 2205 527; x_wconf 86' lang='lat'><strong>1.</strong></span> <span class='ocrx_word' id='word_1_6' title='bbox 2540 469 2624 534; x_wconf 81' lang='grc'><strong>31</strong></span> 
     </span>
    </p>
   </div>
   <div class='ocr_carea' id='block_1_3' title="bbox 391 625 2721 1563">
    <p class='ocr_par' dir='ltr' id='par_1_3' title="bbox 391 625 2721 1563">
     <span class='ocr_line' id='line_1_3' title="bbox 393 625 2630 733; baseline 0 -25"><span class='ocrx_word' id='word_1_7' title='bbox 393 641 434 709; x_wconf 90' lang='lat' dir='ltr'><strong>i.</strong></span> <span class='ocrx_word' id='word_1_8' title='bbox 478 664 541 709; x_wconf 90' lang='lat' dir='ltr'><strong>e.</strong></span> <span class='ocrx_word' id='word_1_9' title='bbox 592 637 914 709; x_wconf 74' lang='lat' dir='ltr'><strong>abducat</strong></span> <span class='ocrx_word' id='word_1_10' title='bbox 957 639 1140 709; x_wconf 73' lang='lat' dir='ltr'><strong>licet.</strong></span> <span class='ocrx_word' id='word_1_11' title='bbox 1242 639 1583 727; x_wconf 78' lang='lat' dir='ltr'><strong>Quoniam</strong></span> <span class='ocrx_word' id='word_1_12' title='bbox 1628 649 1855 713; x_wconf 86' lang='lat' dir='ltr'><strong>autem</strong></span> <span class='ocrx_word' id='word_1_13' title='bbox 1868 689 1891 729; x_wconf 84' lang='lat'><strong>‚</strong></span> <span class='ocrx_word' id='word_1_14' title='bbox 1955 663 2135 731; x_wconf 83' lang='lat' dir='ltr'><strong>quae</strong></span> <span class='ocrx_word' id='word_1_15' title='bbox 2175 638 2323 710; x_wconf 86' lang='lat' dir='ltr'><strong>sola</strong></span> <span class='ocrx_word' id='word_1_16' title='bbox 2362 625 2630 733; x_wconf 79' lang='lat' dir='ltr'><strong>cogita-</strong></span> 
     </span>
     <span class='ocr_line' id='line_1_4' title="bbox 391 743 2627 836; baseline 0 -25"><span class='ocrx_word' id='word_1_17' title='bbox 391 744 576 812; x_wconf 84' lang='lat' dir='ltr'><strong>tione</strong></span> <span class='ocrx_word' id='word_1_18' title='bbox 650 744 1031 835; x_wconf 85' lang='lat' dir='ltr'><strong>finguntur,</strong></span> <span class='ocrx_word' id='word_1_19' title='bbox 1113 743 1203 811; x_wconf 86' lang='lat' dir='ltr'><strong>ad</strong></span> <span class='ocrx_word' id='word_1_20' title='bbox 1281 744 1730 836; x_wconf 81' lang='lat' dir='ltr'><strong>experientiae</strong></span> <span class='ocrx_word' id='word_1_21' title='bbox 1797 745 2144 814; x_wconf 82' lang='lat' dir='ltr'><strong>veritatem</strong></span> <span class='ocrx_word' id='word_1_22' title='bbox 2213 753 2627 836; x_wconf 86' lang='lat' dir='ltr'><strong>comparata,</strong></span> 
     </span>
     <span class='ocr_line' id='line_1_5' title="bbox 393 846 2629 939; baseline 0.001 -24"><span class='ocrx_word' id='word_1_23' title='bbox 393 870 532 916; x_wconf 92' lang='lat' dir='ltr'><strong>non</strong></span> <span class='ocrx_word' id='word_1_24' title='bbox 572 869 651 916; x_wconf 88' lang='lat' dir='ltr'><strong>re</strong></span> <span class='ocrx_word' id='word_1_25' title='bbox 691 869 852 916; x_wconf 86' lang='lat' dir='ltr'><strong>vera</strong></span> <span class='ocrx_word' id='word_1_26' title='bbox 898 846 1066 915; x_wconf 88' lang='lat' dir='ltr'><strong>fiunt</strong></span> <span class='ocrx_word' id='word_1_27' title='bbox 1079 894 1101 932; x_wconf 87' lang='lat'>,</span> <span class='ocrx_word' id='word_1_28' title='bbox 1183 847 1305 915; x_wconf 91' lang='lat' dir='ltr'><strong>sed</strong></span> <span class='ocrx_word' id='word_1_29' title='bbox 1360 858 1636 939; x_wconf 83' lang='lat' dir='ltr'><strong>possunt</strong></span> <span class='ocrx_word' id='word_1_30' title='bbox 1687 849 1862 917; x_wconf 90' lang='lat' dir='ltr'><strong>fieri·</strong></span> <span class='ocrx_word' id='word_1_31' title='bbox 1944 858 2459 917; x_wconf 88' lang='lat' dir='ltr'><strong>consentaneum</strong></span> <span class='ocrx_word' id='word_1_32' title='bbox 2510 856 2629 933; x_wconf 83' lang='lat' dir='ltr'><strong>est,</strong></span> 
     </span>
     <span class='ocr_line' id='line_1_6' title="bbox 396 950 2630 1076; baseline 0 -57"><span class='ocrx_word' id='word_1_33' title='bbox 396 951 702 1041; x_wconf 77' lang='lat' dir='ltr'><strong>optativo</strong></span> <span class='ocrx_word' id='word_1_34' title='bbox 715 997 736 1035; x_wconf 84' lang='lat'>,</span> <span class='ocrx_word' id='word_1_35' title='bbox 800 972 978 1039; x_wconf 89' lang='lat' dir='ltr'><strong>quae</strong></span> <span class='ocrx_word' id='word_1_36' title='bbox 1022 951 1281 1043; x_wconf 83' lang='lat' dir='ltr'><strong>possint</strong></span> <span class='ocrx_word' id='word_1_37' title='bbox 1317 951 1500 1039; x_wconf 84' lang='lat' dir='ltr'><strong>fieri,</strong></span> <span class='ocrx_word' id='word_1_38' title='bbox 1560 951 1944 1045; x_wconf 83' lang='lat' dir='ltr'><strong>significari.</strong></span> <span class='ocrx_word' id='word_1_39' title='bbox 2059 951 2261 1041; x_wconf 86' lang='lat' dir='ltr'><strong>Isque</strong></span> <span class='ocrx_word' id='word_1_40' title='bbox 2312 950 2630 1076; x_wconf 84' lang='lat' dir='ltr'><strong>frequens</strong></span> 
     </span>
     <span class='ocr_line' id='line_1_7' title="bbox 397 1048 2627 1175; baseline 0.002 -53"><span class='ocrx_word' id='word_1_41' title='bbox 397 1052 585 1145; x_wconf 90' lang='lat' dir='ltr'><strong>apud</strong></span> <span class='ocrx_word' id='word_1_42' title='bbox 619 1053 1002 1121; x_wconf 82' lang='lat' dir='ltr'><strong>Homerum</strong></span> <span class='ocrx_word' id='word_1_43' title='bbox 1044 1076 1198 1122; x_wconf 88' lang='lat' dir='ltr'><strong>usus</strong></span> <span class='ocrx_word' id='word_1_44' title='bbox 1241 1062 1360 1122; x_wconf 89' lang='lat' dir='ltr'><strong>est.</strong></span> <span class='ocrx_word' id='word_1_45' title='bbox 1465 1052 1603 1125; x_wconf 90' lang='lat' dir='ltr'><strong>Od.</strong></span> <span class='ocrx_word' id='word_1_46' title='bbox 1642 1082 1725 1149; x_wconf 83' lang='grc' dir='ltr'><strong>μ.</strong></span> <span class='ocrx_word' id='word_1_47' title='bbox 1775 1054 1945 1122; x_wconf 94' lang='grc'><strong>112.</strong></span> <span class='ocrx_word' id='word_1_48' title='bbox 1995 1057 2066 1128; x_wconf 72' lang='grc' dir='ltr'><strong>εἰ</strong></span> <span class='ocrx_word' id='word_1_49' title='bbox 2093 1053 2163 1128; x_wconf 78' lang='grc' dir='ltr'><strong>δ’</strong></span> <span class='ocrx_word' id='word_1_50' title='bbox 2209 1081 2339 1147; x_wconf 69' lang='lat' dir='ltr'><strong>aye</strong></span> <span class='ocrx_word' id='word_1_51' title='bbox 2377 1048 2627 1175; x_wconf 75' lang='grc' dir='ltr'><strong><em>δῆμοι</em></strong></span> 
     </span>
     <span class='ocr_line' id='line_1_8' title="bbox 396 1150 2628 1279; baseline 0 -50"><span class='ocrx_word' id='word_1_52' title='bbox 396 1156 662 1243; x_wconf 82' lang='grc' dir='ltr'><strong><em>τοῦτο,</em></strong></span> <span class='ocrx_word' id='word_1_53' title='bbox 727 1150 911 1241; x_wconf 73' lang='grc' dir='ltr'><strong>θεά,</strong></span> <span class='ocrx_word' id='word_1_54' title='bbox 977 1157 1319 1279; x_wconf 77' lang='grc' dir='ltr'><strong><em>νημερτὲς</em></strong></span> <span class='ocrx_word' id='word_1_55' title='bbox 1366 1158 1645 1242; x_wconf 78' lang='grc' dir='ltr'><strong><em>ἔνισπε,</em></strong></span> <span class='ocrx_word' id='word_1_56' title='bbox 1700 1157 1789 1230; x_wconf 84' lang='grc' dir='ltr'><strong>αἴ</strong></span> <span class='ocrx_word' id='word_1_57' title='bbox 1818 1183 1964 1238; x_wconf 79' lang='grc' dir='ltr'><strong>πως</strong></span> <span class='ocrx_word' id='word_1_58' title='bbox 2022 1150 2159 1253; x_wconf 77' lang='grc' dir='ltr'><em>τήν</em></span> <span class='ocrx_word' id='word_1_59' title='bbox 2217 1151 2437 1255; x_wconf 74' lang='grc' dir='ltr'><strong><em>ὀλοήν</em></strong></span> <span class='ocrx_word' id='word_1_60' title='bbox 2485 1156 2628 1249; x_wconf 77' lang='grc' dir='ltr'><strong>μὲν</strong></span> 
     </span>
     <span class='ocr_line' id='line_1_9' title="bbox 399 1252 2628 1382; baseline -0 -50"><span class='ocrx_word' id='word_1_61' title='bbox 399 1252 1030 1382; x_wconf 74' lang='grc' dir='ltr'><strong><em>ὑπεκπροφυγοιμι</em></strong></span> <span class='ocrx_word' id='word_1_62' title='bbox 1076 1252 1511 1354; x_wconf 73' lang='grc' dir='ltr'><em>Χάρυβδιν,</em></span> <span class='ocrx_word' id='word_1_63' title='bbox 1565 1288 1701 1357; x_wconf 82' lang='grc' dir='ltr'><em>την</em></span> <span class='ocrx_word' id='word_1_64' title='bbox 1756 1262 1842 1334; x_wconf 75' lang='grc' dir='ltr'><strong>δέ</strong></span> <span class='ocrx_word' id='word_1_65' title='bbox 1881 1263 1943 1331; x_wconf 71' lang='grc' dir='ltr'><strong>κ’</strong></span> <span class='ocrx_word' id='word_1_66' title='bbox 1996 1255 2449 1356; x_wconf 73' lang='grc' dir='ltr'><strong><em>ἀμυναίμην,</em></strong></span> <span class='ocrx_word' id='word_1_67' title='bbox 2500 1258 2628 1331; x_wconf 73' lang='grc' dir='ltr'><strong>ὅτε</strong></span> 
     </span>
     <span class='ocr_line' id='line_1_10' title="bbox 391 1355 2721 1468; baseline -0.001 -36"><span class='ocrx_word' id='word_1_68' title='bbox 391 1387 526 1454; x_wconf 81' lang='grc' dir='ltr'><strong>μοι</strong></span> <span class='ocrx_word' id='word_1_69' title='bbox 571 1355 854 1435; x_wconf 82' lang='grc' dir='ltr'><em>σίνοιτό</em></span> <span class='ocrx_word' id='word_1_70' title='bbox 895 1358 966 1454; x_wconf 74' lang='grc' dir='ltr'><strong>γ’</strong></span> <span class='ocrx_word' id='word_1_71' title='bbox 1016 1361 1366 1455; x_wconf 21' lang='grc' dir='ltr'><strong><em>ἑταιᾛρους</em></strong></span> <span class='ocrx_word' id='word_1_72' title='bbox 1469 1363 1647 1432; x_wconf 88' lang='lat' dir='ltr'><strong>Vide</strong></span> <span class='ocrx_word' id='word_1_73' title='bbox 1692 1362 1887 1436; x_wconf 87' lang='lat' dir='ltr'><strong>Iliad.</strong></span> <span class='ocrx_word' id='word_1_74' title='bbox 1933 1392 2000 1435; x_wconf 86' lang='grc' dir='ltr'><strong>α.</strong></span> <span class='ocrx_word' id='word_1_75' title='bbox 2037 1361 2235 1434; x_wconf 75' lang='grc' dir='ltr'><strong>69.ε</strong></span> <span class='ocrx_word' id='word_1_76' title='bbox 2240 1360 2483 1468; x_wconf 90' lang='grc'><strong>.192.</strong></span> <span class='ocrx_word' id='word_1_77' title='bbox 2532 1361 2623 1451; x_wconf 75' lang='grc' dir='ltr'><strong>(ξ.</strong></span> <span class='ocrx_word' id='word_1_78' title='bbox 2636 1374 2721 1439; x_wconf 74' lang='lat'><strong>15</strong></span> 
     </span>
     <span class='ocr_line' id='line_1_11' title="bbox 398 1459 2625 1563; baseline -0.001 -31"><span class='ocrx_word' id='word_1_79' title='bbox 398 1463 606 1554; x_wconf 85' lang='grc'><strong>299.)</strong></span> <span class='ocrx_word' id='word_1_80' title='bbox 669 1473 723 1550; x_wconf 85' lang='grc' dir='ltr'><strong>ζ.</strong></span> <span class='ocrx_word' id='word_1_81' title='bbox 778 1459 952 1532; x_wconf 87' lang='grc'><strong>452.</strong></span> <span class='ocrx_word' id='word_1_82' title='bbox 1018 1492 1085 1563; x_wconf 86' lang='grc' dir='ltr'><strong>η.</strong></span> <span class='ocrx_word' id='word_1_83' title='bbox 1137 1464 1311 1533; x_wconf 89' lang='grc'><strong>231.</strong></span> <span class='ocrx_word' id='word_1_84' title='bbox 1368 1475 1446 1540; x_wconf 74' lang='grc' dir='ltr'><strong>θ.</strong></span> <span class='ocrx_word' id='word_1_85' title='bbox 1511 1465 1685 1536; x_wconf 87' lang='grc'><strong>291.</strong></span> <span class='ocrx_word' id='word_1_86' title='bbox 1738 1494 1805 1539; x_wconf 73' lang='grc' dir='ltr'><strong>κ.</strong></span> <span class='ocrx_word' id='word_1_87' title='bbox 1863 1462 2035 1533; x_wconf 92' lang='grc'><strong>166.</strong></span> <span class='ocrx_word' id='word_1_88' title='bbox 2102 1463 2273 1532; x_wconf 95' lang='grc'><strong>171.</strong></span> <span class='ocrx_word' id='word_1_89' title='bbox 2346 1474 2401 1548; x_wconf 74' lang='grc' dir='ltr'><strong>ξ.</strong></span> <span class='ocrx_word' id='word_1_90' title='bbox 2407 1461 2625 1536; x_wconf 91' lang='grc'><strong>241.</strong></span> 
     </span>
    </p>
   </div>
   <div class='ocr_carea' id='block_1_4' title="bbox 383 1563 2730 3109">
    <p class='ocr_par' dir='ltr' id='par_1_4' title="bbox 383 1563 2730 3109">
     <span class='ocr_line' id='line_1_12' title="bbox 395 1563 2625 1664; baseline -0.003 -23"><span class='ocrx_word' id='word_1_91' title='bbox 395 1596 460 1641; x_wconf 93' lang='grc' dir='ltr'><strong>ο.</strong></span> <span class='ocrx_word' id='word_1_92' title='bbox 503 1565 675 1635; x_wconf 89' lang='grc'><strong>736.</strong></span> <span class='ocrx_word' id='word_1_93' title='bbox 719 1567 892 1638; x_wconf 90' lang='grc'><strong>738.</strong></span> <span class='ocrx_word' id='word_1_94' title='bbox 947 1594 1011 1664; x_wconf 79' lang='grc' dir='ltr'><strong>ρ.</strong></span> <span class='ocrx_word' id='word_1_95' title='bbox 1041 1565 1215 1637; x_wconf 91' lang='grc'><strong>649.</strong></span> <span class='ocrx_word' id='word_1_96' title='bbox 1256 1597 1322 1660; x_wconf 89' lang='grc' dir='ltr'><strong>χ.</strong></span> <span class='ocrx_word' id='word_1_97' title='bbox 1353 1568 1525 1638; x_wconf 93' lang='grc'><strong>348.</strong></span> <span class='ocrx_word' id='word_1_98' title='bbox 1574 1598 1647 1642; x_wconf 88' lang='grc' dir='ltr'><strong>ω.</strong></span> <span class='ocrx_word' id='word_1_99' title='bbox 1679 1568 1852 1639; x_wconf 91' lang='grc'><strong>149.</strong></span> <span class='ocrx_word' id='word_1_100' title='bbox 1895 1568 2033 1639; x_wconf 87' lang='lat' dir='ltr'><strong>Od.</strong></span> <span class='ocrx_word' id='word_1_101' title='bbox 2079 1596 2150 1640; x_wconf 90' lang='grc' dir='ltr'><strong>α.</strong></span> <span class='ocrx_word' id='word_1_102' title='bbox 2187 1563 2358 1635; x_wconf 91' lang='grc'><strong>254.</strong></span> <span class='ocrx_word' id='word_1_103' title='bbox 2398 1575 2470 1661; x_wconf 78' lang='grc' dir='ltr'><strong>β.</strong></span> <span class='ocrx_word' id='word_1_104' title='bbox 2501 1563 2625 1635; x_wconf 91' lang='grc'><strong>52.</strong></span> 
     </span>
     <span class='ocr_line' id='line_1_13' title="bbox 390 1667 2623 1770; baseline -0.002 -28"><span class='ocrx_word' id='word_1_105' title='bbox 390 1699 456 1765; x_wconf 73' lang='lat' dir='ltr'><strong>y.</strong></span> <span class='ocrx_word' id='word_1_106' title='bbox 508 1668 681 1738; x_wconf 83' lang='grc'><strong>319.</strong></span> <span class='ocrx_word' id='word_1_107' title='bbox 731 1675 794 1745; x_wconf 79' lang='grc' dir='ltr'><strong>δ.</strong></span> <span class='ocrx_word' id='word_1_108' title='bbox 848 1669 1020 1745; x_wconf 93' lang='grc'><strong>167.</strong></span> <span class='ocrx_word' id='word_1_109' title='bbox 1064 1669 1240 1744; x_wconf 86' lang='grc'><strong>569.</strong></span> <span class='ocrx_word' id='word_1_110' title='bbox 1294 1673 1402 1763; x_wconf 74' lang='grc' dir='ltr'><strong>(ε.</strong></span> <span class='ocrx_word' id='word_1_111' title='bbox 1450 1672 1570 1742; x_wconf 89' lang='grc'><strong>17.</strong></span> <span class='ocrx_word' id='word_1_112' title='bbox 1635 1672 1807 1740; x_wconf 88' lang='grc'><strong>142.</strong></span> <span class='ocrx_word' id='word_1_113' title='bbox 1850 1698 1917 1770; x_wconf 79' lang='grc' dir='ltr'><strong>ρ.</strong></span> <span class='ocrx_word' id='word_1_114' title='bbox 1967 1668 2188 1762; x_wconf 87' lang='grc'><strong>146.)</strong></span> <span class='ocrx_word' id='word_1_115' title='bbox 2237 1698 2291 1743; x_wconf 77' lang='grc' dir='ltr'><strong>ε.</strong></span> <span class='ocrx_word' id='word_1_116' title='bbox 2336 1667 2507 1742; x_wconf 91' lang='grc'><strong>166.</strong></span> <span class='ocrx_word' id='word_1_117' title='bbox 2575 1698 2623 1742; x_wconf 91' lang='grc' dir='ltr'><strong>ι.</strong></span> 
     </span>
     <span class='ocr_line' id='line_1_14' title="bbox 395 1770 2625 1868; baseline 0 -29"><span class='ocrx_word' id='word_1_118' title='bbox 395 1771 566 1840; x_wconf 90' lang='grc'><strong>126.</strong></span> <span class='ocrx_word' id='word_1_119' title='bbox 623 1797 675 1841; x_wconf 93' lang='lat' dir='ltr'><strong>s.</strong></span> <span class='ocrx_word' id='word_1_120' title='bbox 717 1802 778 1848; x_wconf 72' lang='lat' dir='ltr'><strong>x.</strong></span> <span class='ocrx_word' id='word_1_121' title='bbox 826 1773 1001 1843; x_wconf 90' lang='grc'><strong>434.</strong></span> <span class='ocrx_word' id='word_1_122' title='bbox 1049 1777 1109 1847; x_wconf 84' lang='grc' dir='ltr'><strong>λ.</strong></span> <span class='ocrx_word' id='word_1_123' title='bbox 1155 1772 1330 1844; x_wconf 88' lang='grc'><strong>366.</strong></span> <span class='ocrx_word' id='word_1_124' title='bbox 1383 1804 1462 1868; x_wconf 82' lang='grc' dir='ltr'><strong>μ.</strong></span> <span class='ocrx_word' id='word_1_125' title='bbox 1515 1775 1690 1844; x_wconf 96' lang='grc'><strong>287.</strong></span> <span class='ocrx_word' id='word_1_126' title='bbox 1751 1786 1808 1859; x_wconf 74' lang='grc' dir='ltr'><strong>ξ.</strong></span> <span class='ocrx_word' id='word_1_127' title='bbox 1859 1774 2030 1843; x_wconf 89' lang='grc'><strong>129.</strong></span> <span class='ocrx_word' id='word_1_128' title='bbox 2089 1800 2162 1847; x_wconf 86' lang='grc' dir='ltr'><strong>π.</strong></span> <span class='ocrx_word' id='word_1_129' title='bbox 2212 1770 2385 1842; x_wconf 91' lang='grc'><strong>257.</strong></span> <span class='ocrx_word' id='word_1_130' title='bbox 2448 1770 2625 1841; x_wconf 89' lang='grc'><strong>297.</strong></span> 
     </span>
     <span class='ocr_line' id='line_1_15' title="bbox 390 1874 2730 1969; baseline 0 -25"><span class='ocrx_word' id='word_1_131' title='bbox 390 1874 565 1950; x_wconf 88' lang='grc'><strong>395.</strong></span> <span class='ocrx_word' id='word_1_132' title='bbox 613 1904 680 1949; x_wconf 84' lang='grc' dir='ltr'><strong>υ.</strong></span> <span class='ocrx_word' id='word_1_133' title='bbox 716 1877 890 1946; x_wconf 85' lang='grc'><strong>383.</strong></span> <span class='ocrx_word' id='word_1_134' title='bbox 948 1906 1013 1969; x_wconf 86' lang='grc' dir='ltr'><strong>χ.</strong></span> <span class='ocrx_word' id='word_1_135' title='bbox 1045 1876 1215 1946; x_wconf 90' lang='grc'><strong>138.</strong></span> <span class='ocrx_word' id='word_1_136' title='bbox 1258 1905 1333 1952; x_wconf 90' lang='grc' dir='ltr'><strong>ω.</strong></span> <span class='ocrx_word' id='word_1_137' title='bbox 1370 1878 1541 1948; x_wconf 88' lang='grc'><strong>189.</strong></span> <span class='ocrx_word' id='word_1_138' title='bbox 1588 1903 1638 1947; x_wconf 89' lang='lat' dir='ltr'><strong>s.</strong></span> <span class='ocrx_word' id='word_1_139' title='bbox 1683 1876 1857 1948; x_wconf 86' lang='grc'><strong>532.</strong></span> <span class='ocrx_word' id='word_1_140' title='bbox 1908 1878 2093 1950; x_wconf 80' lang='lat' dir='ltr'><strong>Hinc</strong></span> <span class='ocrx_word' id='word_1_141' title='bbox 2138 1878 2254 1962; x_wconf 78' lang='lat' dir='ltr'><strong>fit,</strong></span> <span class='ocrx_word' id='word_1_142' title='bbox 2305 1887 2382 1945; x_wconf 90' lang='lat' dir='ltr'><strong>ut</strong></span> <span class='ocrx_word' id='word_1_143' title='bbox 2420 1899 2625 1967; x_wconf 86' lang='lat' dir='ltr'><strong>saepe</strong></span> <span class='ocrx_word' id='word_1_144' title='bbox 2724 1912 2730 1918; x_wconf 89' lang='lat'><strong><em>.</em></strong></span> 
     </span>
     <span class='ocr_line' id='line_1_16' title="bbox 390 1979 2630 2073; baseline -0.001 -22"><span class='ocrx_word' id='word_1_145' title='bbox 390 1979 847 2051; x_wconf 86' lang='lat' dir='ltr'><strong>coniunctivus</strong></span> <span class='ocrx_word' id='word_1_146' title='bbox 907 1992 976 2049; x_wconf 85' lang='lat' dir='ltr'><strong>et</strong></span> <span class='ocrx_word' id='word_1_147' title='bbox 1018 1981 1352 2073; x_wconf 76' lang='lat' dir='ltr'><strong>optativus</strong></span> <span class='ocrx_word' id='word_1_148' title='bbox 1396 1982 1471 2051; x_wconf 93' lang='lat' dir='ltr'><strong>in</strong></span> <span class='ocrx_word' id='word_1_149' title='bbox 1515 1982 1762 2052; x_wconf 84' lang='lat' dir='ltr'><strong>eadem</strong></span> <span class='ocrx_word' id='word_1_150' title='bbox 1811 1980 2300 2054; x_wconf 85' lang='lat' dir='ltr'><strong>constructione</strong></span> <span class='ocrx_word' id='word_1_151' title='bbox 2344 1979 2630 2050; x_wconf 83' lang='lat' dir='ltr'><strong>coniun-</strong></span> 
     </span>
     <span class='ocr_line' id='line_1_17' title="bbox 388 2077 2628 2181; baseline 0.003 -31"><span class='ocrx_word' id='word_1_152' title='bbox 388 2094 670 2177; x_wconf 82' lang='lat' dir='ltr'><strong>gantur,</strong></span> <span class='ocrx_word' id='word_1_153' title='bbox 751 2094 827 2153; x_wconf 89' lang='lat' dir='ltr'><strong>ut</strong></span> <span class='ocrx_word' id='word_1_154' title='bbox 877 2084 959 2152; x_wconf 88' lang='lat'><strong>11.</strong></span> <span class='ocrx_word' id='word_1_155' title='bbox 1011 2110 1074 2157; x_wconf 89' lang='grc' dir='ltr'><strong>σ.</strong></span> <span class='ocrx_word' id='word_1_156' title='bbox 1123 2084 1296 2153; x_wconf 88' lang='grc'><strong>397.</strong></span> <span class='ocrx_word' id='word_1_157' title='bbox 1367 2080 1553 2162; x_wconf 70' lang='grc' dir='ltr'><strong>ἄλλα</strong></span> <span class='ocrx_word' id='word_1_158' title='bbox 1591 2082 1775 2179; x_wconf 71' lang='grc' dir='ltr'><strong>μάλ’</strong></span> <span class='ocrx_word' id='word_1_159' title='bbox 1831 2083 2060 2181; x_wconf 78' lang='grc' dir='ltr'><em>ἄντην</em></span> <span class='ocrx_word' id='word_1_160' title='bbox 2108 2077 2514 2180; x_wconf 80' lang='grc' dir='ltr'><strong><em>στήσομαι,</em></strong></span> <span class='ocrx_word' id='word_1_161' title='bbox 2577 2079 2628 2179; x_wconf 82' lang='grc' dir='ltr'><em>ἤ</em></span> 
     </span>
     <span class='ocr_line' id='line_1_18' title="bbox 390 2186 2628 2385; baseline -0.001 -26"><span class='ocrx_word' id='word_1_162' title='bbox 390 2186 2628 2385; x_wconf 49' lang='lat' dir='ltr'><strong>22..s220zss252212-szffl02132031</strong></span> 
     </span>
     <span class='ocr_line' id='line_1_19' title="bbox 389 2391 2627 2488; baseline 0 -28"><span class='ocrx_word' id='word_1_163' title='bbox 389 2391 566 2461; x_wconf 89' lang='grc'><strong>244.</strong></span> <span class='ocrx_word' id='word_1_164' title='bbox 624 2416 813 2484; x_wconf 87' lang='lat' dir='ltr'><strong>seqq.</strong></span> <span class='ocrx_word' id='word_1_165' title='bbox 887 2393 1024 2463; x_wconf 91' lang='lat' dir='ltr'><strong>Od.</strong></span> <span class='ocrx_word' id='word_1_166' title='bbox 1078 2421 1173 2488; x_wconf 45' lang='grc' dir='ltr'><strong>’.μ</strong></span> <span class='ocrx_word' id='word_1_167' title='bbox 1225 2391 1397 2462; x_wconf 91' lang='grc'><strong>156.</strong></span> <span class='ocrx_word' id='word_1_168' title='bbox 1458 2418 1510 2463; x_wconf 90' lang='lat' dir='ltr'><strong>s.</strong></span> <span class='ocrx_word' id='word_1_169' title='bbox 1562 2394 1765 2465; x_wconf 88' lang='lat' dir='ltr'><strong>Vnde</strong></span> <span class='ocrx_word' id='word_1_170' title='bbox 1828 2404 1884 2477; x_wconf 74' lang='grc' dir='ltr'><strong>ξ.</strong></span> <span class='ocrx_word' id='word_1_171' title='bbox 1931 2392 2102 2462; x_wconf 91' lang='grc'><strong>183.</strong></span> <span class='ocrx_word' id='word_1_172' title='bbox 2161 2392 2627 2463; x_wconf 87' lang='lat' dir='ltr'><strong>scribendum.</strong></span> 
     </span>
     <span class='ocr_line' id='line_1_20' title="bbox 390 2489 2626 2594; baseline -0.002 -25"><span class='ocrx_word' id='word_1_173' title='bbox 390 2491 556 2570; x_wconf 74' lang='grc' dir='ltr'><strong><em>ἀλλ’</em></strong></span> <span class='ocrx_word' id='word_1_174' title='bbox 599 2495 772 2594; x_wconf 80' lang='grc' dir='ltr'><strong><em>ἤτοι</em></strong></span> <span class='ocrx_word' id='word_1_175' title='bbox 815 2502 1051 2570; x_wconf 79' lang='grc' dir='ltr'><em>κεῖνον</em></span> <span class='ocrx_word' id='word_1_176' title='bbox 1076 2497 1215 2590; x_wconf 75' lang='grc' dir='ltr'><strong>μὲν</strong></span> <span class='ocrx_word' id='word_1_177' title='bbox 1251 2491 1601 2591; x_wconf 72' lang='grc' dir='ltr'><strong><em>ἐάσομεν,</em></strong></span> <span class='ocrx_word' id='word_1_178' title='bbox 1653 2496 1706 2594; x_wconf 83' lang='grc' dir='ltr'><em>ἦ</em></span> <span class='ocrx_word' id='word_1_179' title='bbox 1754 2507 1874 2570; x_wconf 73' lang='grc' dir='ltr'><em>κεν</em></span> <span class='ocrx_word' id='word_1_180' title='bbox 1908 2490 2126 2592; x_wconf 69' lang='grc' dir='ltr'><strong><em>ἁλώῃ,</em></strong></span> <span class='ocrx_word' id='word_1_181' title='bbox 2178 2493 2227 2592; x_wconf 85' lang='grc' dir='ltr'><em>ἧ</em></span> <span class='ocrx_word' id='word_1_182' title='bbox 2268 2522 2348 2567; x_wconf 71' lang='grc' dir='ltr'><strong>κε</strong></span> <span class='ocrx_word' id='word_1_183' title='bbox 2378 2489 2626 2589; x_wconf 80' lang='grc' dir='ltr'><strong><em>φύγοι,</em></strong></span> 
     </span>
     <span class='ocr_line' id='line_1_21' title="bbox 391 2593 2623 2697; baseline -0.005 -23"><span class='ocrx_word' id='word_1_184' title='bbox 391 2598 515 2674; x_wconf 80' lang='grc' dir='ltr'><strong><em>ιιαὶ</em></strong></span> <span class='ocrx_word' id='word_1_185' title='bbox 544 2602 663 2674; x_wconf 74' lang='grc' dir='ltr'><em>κέν</em></span> <span class='ocrx_word' id='word_1_186' title='bbox 700 2606 773 2674; x_wconf 91' lang='grc' dir='ltr'><strong>οἱ</strong></span> <span class='ocrx_word' id='word_1_187' title='bbox 822 2596 1136 2697; x_wconf 71' lang='grc' dir='ltr'><strong><em>ὑπέρσχῃ</em></strong></span> <span class='ocrx_word' id='word_1_188' title='bbox 1177 2606 1385 2697; x_wconf 74' lang='grc' dir='ltr'><strong><em>χεῖρα</em></strong></span> <span class='ocrx_word' id='word_1_189' title='bbox 1425 2599 1804 2696; x_wconf 76' lang='grc' dir='ltr'><em>Κρονίωνὲ</em></span> <span class='ocrx_word' id='word_1_190' title='bbox 1865 2621 2191 2690; x_wconf 65' lang='lat' dir='ltr'><strong>compara</strong></span> <span class='ocrx_word' id='word_1_191' title='bbox 2225 2598 2309 2666; x_wconf 85' lang='lat'><strong>11.</strong></span> <span class='ocrx_word' id='word_1_192' title='bbox 2353 2601 2415 2670; x_wconf 76' lang='grc' dir='ltr'><strong>ὃ.</strong></span> <span class='ocrx_word' id='word_1_193' title='bbox 2451 2593 2623 2664; x_wconf 90' lang='grc'><strong>249.</strong></span> 
     </span>
     <span class='ocr_line' id='line_1_22' title="bbox 385 2698 2627 2797; baseline -0 -26"><span class='ocrx_word' id='word_1_194' title='bbox 385 2705 546 2771; x_wconf 89' lang='grc' dir='ltr'><strong><em>Νοιι</em></strong></span> <span class='ocrx_word' id='word_1_195' title='bbox 605 2703 946 2772; x_wconf 83' lang='lat' dir='ltr'><strong>debebam</strong></span> <span class='ocrx_word' id='word_1_196' title='bbox 998 2704 1068 2771; x_wconf 90' lang='lat' dir='ltr'><strong>in</strong></span> <span class='ocrx_word' id='word_1_197' title='bbox 1128 2702 1586 2773; x_wconf 83' lang='lat' dir='ltr'><strong>dissertatione</strong></span> <span class='ocrx_word' id='word_1_198' title='bbox 1646 2703 1738 2772; x_wconf 90' lang='lat' dir='ltr'><strong>de</strong></span> <span class='ocrx_word' id='word_1_199' title='bbox 1789 2703 2172 2795; x_wconf 83' lang='lat' dir='ltr'><strong>praeceptis</strong></span> <span class='ocrx_word' id='word_1_200' title='bbox 2223 2698 2627 2797; x_wconf 81' lang='lat' dir='ltr'><strong>quibusdam</strong></span> 
     </span>
     <span class='ocr_line' id='line_1_23' title="bbox 386 2804 2628 2897; baseline -0.001 -22"><span class='ocrx_word' id='word_1_201' title='bbox 386 2805 845 2876; x_wconf 78' lang='lat' dir='ltr'><strong>Atticistarum</strong></span> <span class='ocrx_word' id='word_1_202' title='bbox 907 2829 979 2897; x_wconf 88' lang='lat' dir='ltr'><strong>p</strong></span> <span class='ocrx_word' id='word_1_203' title='bbox 1026 2804 1148 2874; x_wconf 94' lang='grc'><strong>18.</strong></span> <span class='ocrx_word' id='word_1_204' title='bbox 1203 2808 1294 2875; x_wconf 87' lang='lat' dir='ltr'><strong>ad</strong></span> <span class='ocrx_word' id='word_1_205' title='bbox 1339 2805 1522 2876; x_wconf 87' lang='lat' dir='ltr'><strong>hanc</strong></span> <span class='ocrx_word' id='word_1_206' title='bbox 1571 2806 2131 2878; x_wconf 78' lang='lat' dir='ltr'><strong>constructionem</strong></span> <span class='ocrx_word' id='word_1_207' title='bbox 2159 2805 2335 2873; x_wconf 87' lang='lat' dir='ltr'><strong>illud</strong></span> <span class='ocrx_word' id='word_1_208' title='bbox 2368 2804 2628 2873; x_wconf 84' lang='lat' dir='ltr'><strong>referre</strong></span> 
     </span>
     <span class='ocr_line' id='line_1_24' title="bbox 389 2902 2632 3030; baseline 0.001 -51"><span class='ocrx_word' id='word_1_209' title='bbox 389 2908 531 2979; x_wconf 91' lang='lat' dir='ltr'><strong>Od.</strong></span> <span class='ocrx_word' id='word_1_210' title='bbox 580 2937 647 3001; x_wconf 91' lang='grc' dir='ltr'><strong>χ.</strong></span> <span class='ocrx_word' id='word_1_211' title='bbox 697 2907 817 2979; x_wconf 88' lang='grc'><strong>75.</strong></span> <span class='ocrx_word' id='word_1_212' title='bbox 868 2910 986 2984; x_wconf 73' lang='grc' dir='ltr'><strong>ἐπὶ</strong></span> <span class='ocrx_word' id='word_1_213' title='bbox 1031 2905 1105 2983; x_wconf 79' lang='grc' dir='ltr'><em>δ</em></span> <span class='ocrx_word' id='word_1_214' title='bbox 1153 2907 1376 3003; x_wconf 73' lang='grc' dir='ltr'><strong><em>αὐτῷ</em></strong></span> <span class='ocrx_word' id='word_1_215' title='bbox 1405 2903 1671 2993; x_wconf 71' lang='grc' dir='ltr'><strong><em>πάντες</em></strong></span> <span class='ocrx_word' id='word_1_216' title='bbox 1716 2910 1991 3003; x_wconf 76' lang='grc' dir='ltr'><em>ἔχωμεν</em></span> <span class='ocrx_word' id='word_1_217' title='bbox 2042 2902 2378 3030; x_wconf 74' lang='grc' dir='ltr'><strong><em>ἁθρόοι,</em></strong></span> <span class='ocrx_word' id='word_1_218' title='bbox 2429 2909 2505 2981; x_wconf 71' lang='grc' dir='ltr'><strong>εἴ</strong></span> <span class='ocrx_word' id='word_1_219' title='bbox 2544 2907 2632 2981; x_wconf 72' lang='grc' dir='ltr'><strong>κέ</strong></span> 
     </span>
     <span class='ocr_line' id='line_1_25' title="bbox 383 3004 2622 3109; baseline -0 -25"><span class='ocrx_word' id='word_1_220' title='bbox 383 3038 522 3106; x_wconf 82' lang='grc' dir='ltr'><strong>μιν</strong></span> <span class='ocrx_word' id='word_1_221' title='bbox 549 3010 776 3087; x_wconf 77' lang='grc' dir='ltr'><strong><em>οὐδοῦ</em></strong></span> <span class='ocrx_word' id='word_1_222' title='bbox 804 3004 1190 3106; x_wconf 74' lang='grc' dir='ltr'><strong><em>α’πωσομεν</em></strong></span> <span class='ocrx_word' id='word_1_223' title='bbox 1222 3011 1347 3109; x_wconf 79' lang='grc' dir='ltr'><strong>ἠδὲ</strong></span> <span class='ocrx_word' id='word_1_224' title='bbox 1377 3005 1702 3109; x_wconf 76' lang='grc' dir='ltr'><em>θύροῖων,</em></span> <span class='ocrx_word' id='word_1_225' title='bbox 1756 3014 2086 3106; x_wconf 72' lang='grc' dir='ltr'><em>ἔλθωμεν</em></span> <span class='ocrx_word' id='word_1_226' title='bbox 2120 3007 2192 3085; x_wconf 80' lang='grc' dir='ltr'><strong>δ’</strong></span> <span class='ocrx_word' id='word_1_227' title='bbox 2232 3004 2378 3084; x_wconf 81' lang='grc' dir='ltr'><strong>ᾰνα</strong></span> <span class='ocrx_word' id='word_1_228' title='bbox 2408 3009 2622 3099; x_wconf 71' lang='grc' dir='ltr'><strong><em>ἄστυ,</em></strong></span> 
     </span>
    </p>
   </div>
   <div class='ocr_carea' id='block_1_5' title="bbox 352 3108 2626 3311">
    <p class='ocr_par' dir='ltr' id='par_1_5' title="bbox 352 3108 2626 3311">
     <span class='ocr_line' id='line_1_26' title="bbox 352 3108 2626 3211; baseline -0.003 -24"><span class='ocrx_word' id='word_1_229' title='bbox 352 3108 534 3211; x_wconf 71' lang='grc' dir='ltr'><strong>βοή</strong></span> <span class='ocrx_word' id='word_1_230' title='bbox 582 3112 651 3189; x_wconf 80' lang='grc' dir='ltr'><strong>δ’</strong></span> <span class='ocrx_word' id='word_1_231' title='bbox 698 3142 969 3189; x_wconf 77' lang='grc' dir='ltr'><strong><em>ωκιστα</em></strong></span> <span class='ocrx_word' id='word_1_232' title='bbox 1012 3117 1325 3209; x_wconf 73' lang='grc' dir='ltr'><strong><em>γένοιτο.</em></strong></span> <span class='ocrx_word' id='word_1_233' title='bbox 1427 3117 1606 3184; x_wconf 85' lang='lat' dir='ltr'><strong>Nam</strong></span> <span class='ocrx_word' id='word_1_234' title='bbox 1661 3115 1760 3184; x_wconf 85' lang='lat' dir='ltr'><strong>ibi</strong></span> <span class='ocrx_word' id='word_1_235' title='bbox 1794 3114 2049 3185; x_wconf 84' lang='lat' dir='ltr'><strong>maiore</strong></span> <span class='ocrx_word' id='word_1_236' title='bbox 2087 3114 2626 3205; x_wconf 78' lang='lat' dir='ltr'><strong>interpunctione</strong></span> 
     </span>
     <span class='ocr_line' id='line_1_27' title="bbox 383 3216 2624 3311; baseline 0 -27"><span class='ocrx_word' id='word_1_237' title='bbox 383 3227 547 3310; x_wconf 82' lang='lat' dir='ltr'><strong>post</strong></span> <span class='ocrx_word' id='word_1_238' title='bbox 585 3216 771 3292; x_wconf 77' lang='grc' dir='ltr'><strong><em>ἄστυ</em></strong></span> <span class='ocrx_word' id='word_1_239' title='bbox 803 3219 1061 3311; x_wconf 86' lang='lat' dir='ltr'><strong>posita,</strong></span> <span class='ocrx_word' id='word_1_240' title='bbox 1111 3242 1289 3308; x_wconf 85' lang='lat' dir='ltr'><strong>quae</strong></span> <span class='ocrx_word' id='word_1_241' title='bbox 1331 3228 1735 3308; x_wconf 85' lang='lat' dir='ltr'><strong>sequuntur,</strong></span> <span class='ocrx_word' id='word_1_242' title='bbox 1787 3240 1927 3287; x_wconf 90' lang='lat' dir='ltr'><strong>non</strong></span> <span class='ocrx_word' id='word_1_243' title='bbox 1976 3219 2281 3310; x_wconf 85' lang='lat' dir='ltr'><strong>pendent</strong></span> <span class='ocrx_word' id='word_1_244' title='bbox 2318 3240 2403 3286; x_wconf 85' lang='lat' dir='ltr'><strong>ex</strong></span> <span class='ocrx_word' id='word_1_245' title='bbox 2456 3240 2624 3310; x_wconf 87' lang='lat' dir='ltr'><strong>par-</strong></span> 
     </span>
    </p>
   </div>
   <div class='ocr_carea' id='block_1_6' title="bbox 383 3321 2626 3834">
    <p class='ocr_par' dir='ltr' id='par_1_6' title="bbox 383 3321 2626 3834">
     <span class='ocr_line' id='line_1_28' title="bbox 383 3321 2626 3415; baseline -0 -26"><span class='ocrx_word' id='word_1_246' title='bbox 383 3321 598 3390; x_wconf 85' lang='lat' dir='ltr'><strong>ticula</strong></span> <span class='ocrx_word' id='word_1_247' title='bbox 637 3349 701 3395; x_wconf 75' lang='grc' dir='ltr'><strong><em>ει</em></strong></span> <span class='ocrx_word' id='word_1_248' title='bbox 723 3371 741 3404; x_wconf 90' lang='grc'><strong><em>,</em></strong></span> <span class='ocrx_word' id='word_1_249' title='bbox 809 3323 931 3391; x_wconf 86' lang='lat' dir='ltr'><strong>sed</strong></span> <span class='ocrx_word' id='word_1_250' title='bbox 972 3344 1102 3414; x_wconf 90' lang='lat' dir='ltr'><strong>per</strong></span> <span class='ocrx_word' id='word_1_251' title='bbox 1153 3345 1226 3391; x_wconf 88' lang='lat' dir='ltr'><strong>se</strong></span> <span class='ocrx_word' id='word_1_252' title='bbox 1279 3323 1499 3415; x_wconf 85' lang='lat' dir='ltr'><strong>posita</strong></span> <span class='ocrx_word' id='word_1_253' title='bbox 1551 3333 1739 3409; x_wconf 82' lang='lat' dir='ltr'><strong>sunt,</strong></span> <span class='ocrx_word' id='word_1_254' title='bbox 1816 3321 1958 3393; x_wconf 92' lang='lat' dir='ltr'><strong>hoc</strong></span> <span class='ocrx_word' id='word_1_255' title='bbox 1997 3343 2223 3391; x_wconf 80' lang='lat' dir='ltr'><strong>sensu:</strong></span> <span class='ocrx_word' id='word_1_256' title='bbox 2285 3327 2439 3390; x_wconf 77' lang='lat' dir='ltr'><strong>tum</strong></span> <span class='ocrx_word' id='word_1_257' title='bbox 2479 3342 2626 3413; x_wconf 77' lang='lat' dir='ltr'><strong>po·</strong></span> 
     </span>
     <span class='ocr_line' id='line_1_29' title="bbox 384 3423 2625 3516; baseline -0.001 -23"><span class='ocrx_word' id='word_1_258' title='bbox 384 3425 553 3494; x_wconf 77' lang='lat' dir='ltr'><strong>terit</strong></span> <span class='ocrx_word' id='word_1_259' title='bbox 601 3426 947 3495; x_wconf 74' lang='lat' dir='ltr'><strong>auxilium</strong></span> <span class='ocrx_word' id='word_1_260' title='bbox 1007 3425 1375 3496; x_wconf 77' lang='lat' dir='ltr'><strong>advocari.</strong></span> <span class='ocrx_word' id='word_1_261' title='bbox 1496 3426 1614 3497; x_wconf 85' lang='lat' dir='ltr'><strong>Sic</strong></span> <span class='ocrx_word' id='word_1_262' title='bbox 1659 3425 1904 3495; x_wconf 87' lang='lat' dir='ltr'><strong>eadem</strong></span> <span class='ocrx_word' id='word_1_263' title='bbox 1937 3428 2146 3495; x_wconf 81' lang='lat' dir='ltr'><strong>verba</strong></span> <span class='ocrx_word' id='word_1_264' title='bbox 2184 3423 2625 3516; x_wconf 82' lang='lat' dir='ltr'><strong>intelligenda</strong></span> 
     </span>
     <span class='ocr_line' id='line_1_30' title="bbox 386 3527 2623 3620; baseline -0 -24"><span class='ocrx_word' id='word_1_265' title='bbox 386 3538 540 3596; x_wconf 85' lang='lat' dir='ltr'><strong>sunt</strong></span> <span class='ocrx_word' id='word_1_266' title='bbox 585 3529 788 3598; x_wconf 89' lang='lat' dir='ltr'><strong>etiam</strong></span> <span class='ocrx_word' id='word_1_267' title='bbox 839 3553 901 3598; x_wconf 82' lang='lat' dir='ltr'><strong>v.</strong></span> <span class='ocrx_word' id='word_1_268' title='bbox 947 3527 1118 3598; x_wconf 88' lang='grc'><strong>133.</strong></span> <span class='ocrx_word' id='word_1_269' title='bbox 1236 3530 1505 3599; x_wconf 90' lang='lat' dir='ltr'><strong>Eadem</strong></span> <span class='ocrx_word' id='word_1_270' title='bbox 1563 3533 1740 3599; x_wconf 88' lang='lat' dir='ltr'><strong>ratio</strong></span> <span class='ocrx_word' id='word_1_271' title='bbox 1780 3530 2108 3620; x_wconf 88' lang='lat' dir='ltr'><strong>loquendi</strong></span> <span class='ocrx_word' id='word_1_272' title='bbox 2163 3527 2428 3618; x_wconf 88' lang='lat' dir='ltr'><strong>saepius</strong></span> <span class='ocrx_word' id='word_1_273' title='bbox 2496 3546 2623 3595; x_wconf 87' lang='lat' dir='ltr'><strong>oc·-</strong></span> 
     </span>
     <span class='ocr_line' id='line_1_31' title="bbox 387 3629 2625 3728; baseline -0.001 -27"><span class='ocrx_word' id='word_1_274' title='bbox 387 3634 631 3701; x_wconf 84' lang='lat' dir='ltr'><strong>currit:</strong></span> <span class='ocrx_word' id='word_1_275' title='bbox 698 3634 1076 3724; x_wconf 81' lang='lat' dir='ltr'><strong>exemplo</strong></span> <span class='ocrx_word' id='word_1_276' title='bbox 1055 3656 1125 3701; x_wconf 91' lang='grc' dir='ltr'><strong>ιιι</strong></span> <span class='ocrx_word' id='word_1_277' title='bbox 1173 3633 1416 3703; x_wconf 86' lang='lat' dir='ltr'><strong>eadem</strong></span> <span class='ocrx_word' id='word_1_278' title='bbox 1460 3631 1924 3703; x_wconf 79' lang='lat' dir='ltr'><strong>dissertatione</strong></span> <span class='ocrx_word' id='word_1_279' title='bbox 1964 3632 2204 3702; x_wconf 85' lang='lat' dir='ltr'><strong>eadem</strong></span> <span class='ocrx_word' id='word_1_280' title='bbox 2245 3629 2503 3728; x_wconf 76' lang='lat' dir='ltr'><strong>pagina</strong></span> <span class='ocrx_word' id='word_1_281' title='bbox 2540 3650 2625 3699; x_wconf 82' lang='lat' dir='ltr'><strong>ex</strong></span> 
     </span>
     <span class='ocr_line' id='line_1_32' title="bbox 386 3723 2626 3834; baseline -0 -31"><span class='ocrx_word' id='word_1_282' title='bbox 386 3735 471 3803; x_wconf 84' lang='grc' dir='ltr'><strong>ΙΙ.</strong></span> <span class='ocrx_word' id='word_1_283' title='bbox 512 3759 574 3834; x_wconf 80' lang='grc' dir='ltr'><strong>η.</strong></span> <span class='ocrx_word' id='word_1_284' title='bbox 616 3735 738 3805; x_wconf 87' lang='grc'><strong>41.</strong></span> <span class='ocrx_word' id='word_1_285' title='bbox 782 3760 833 3805; x_wconf 90' lang='lat' dir='ltr'><strong>s.</strong></span> <span class='ocrx_word' id='word_1_286' title='bbox 872 3737 1080 3808; x_wconf 87' lang='lat' dir='ltr'><strong>allato</strong></span> <span class='ocrx_word' id='word_1_287' title='bbox 1134 3737 1315 3805; x_wconf 79' lang='lat' dir='ltr'><strong>adde</strong></span> <span class='ocrx_word' id='word_1_288' title='bbox 1360 3743 1432 3831; x_wconf 82' lang='grc' dir='ltr'><strong>β.</strong></span> <span class='ocrx_word' id='word_1_289' title='bbox 1478 3735 1650 3805; x_wconf 90' lang='grc'><strong>169.</strong></span> <span class='ocrx_word' id='word_1_290' title='bbox 1705 3764 1767 3831; x_wconf 76' lang='lat' dir='ltr'><strong>y.</strong></span> <span class='ocrx_word' id='word_1_291' title='bbox 1817 3734 1939 3805; x_wconf 87' lang='grc'><strong>53.</strong></span> <span class='ocrx_word' id='word_1_292' title='bbox 1990 3739 2052 3809; x_wconf 85' lang='grc' dir='ltr'><strong>λ.</strong></span> <span class='ocrx_word' id='word_1_293' title='bbox 2096 3731 2273 3807; x_wconf 86' lang='grc'><strong>892.</strong></span> <span class='ocrx_word' id='word_1_294' title='bbox 2321 3723 2626 3802; x_wconf 80' lang='lat' dir='ltr'><strong>videtur·-</strong></span> 
     </span>
    </p>
   </div>
   <div class='ocr_carea' id='block_1_7' title="bbox 375 3835 2628 4450">
    <p class='ocr_par' dir='ltr' id='par_1_7' title="bbox 375 3835 2628 4450">
     <span class='ocr_line' id='line_1_33' title="bbox 385 3835 2628 3932; baseline -0 -26"><span class='ocrx_word' id='word_1_295' title='bbox 385 3860 527 3928; x_wconf 78' lang='lat' dir='ltr'><strong>que</strong></span> <span class='ocrx_word' id='word_1_296' title='bbox 569 3862 655 3907; x_wconf 88' lang='lat' dir='ltr'><strong>ea</strong></span> <span class='ocrx_word' id='word_1_297' title='bbox 695 3840 895 3908; x_wconf 86' lang='lat' dir='ltr'><strong>etiam</strong></span> <span class='ocrx_word' id='word_1_298' title='bbox 935 3841 1005 3909; x_wconf 88' lang='lat' dir='ltr'><strong>in</strong></span> <span class='ocrx_word' id='word_1_299' title='bbox 1053 3840 1459 3912; x_wconf 80' lang='lat' dir='ltr'><strong>coniunctivi</strong></span> <span class='ocrx_word' id='word_1_300' title='bbox 1492 3865 1619 3911; x_wconf 85' lang='lat' dir='ltr'><strong>usu</strong></span> <span class='ocrx_word' id='word_1_301' title='bbox 1654 3837 2061 3909; x_wconf 83' lang='lat' dir='ltr'><strong>restituenda</strong></span> <span class='ocrx_word' id='word_1_302' title='bbox 2115 3867 2179 3932; x_wconf 74' lang='lat' dir='ltr'><strong>y.</strong></span> <span class='ocrx_word' id='word_1_303' title='bbox 2224 3835 2401 3905; x_wconf 91' lang='grc'><strong>417.</strong></span> <span class='ocrx_word' id='word_1_304' title='bbox 2503 3836 2628 3907; x_wconf 85' lang='lat' dir='ltr'><strong>Ad·</strong></span> 
     </span>
     <span class='ocr_line' id='line_1_34' title="bbox 381 3938 2624 4037; baseline 0 -28"><span class='ocrx_word' id='word_1_305' title='bbox 381 3938 574 4013; x_wconf 78' lang='lat' dir='ltr'><strong>hunc</strong></span> <span class='ocrx_word' id='word_1_306' title='bbox 604 3952 830 4012; x_wconf 86' lang='lat' dir='ltr'><strong>autem</strong></span> <span class='ocrx_word' id='word_1_307' title='bbox 845 3992 866 4030; x_wconf 85' lang='lat'>‚</span> <span class='ocrx_word' id='word_1_308' title='bbox 917 3943 1010 4013; x_wconf 93' lang='lat' dir='ltr'><strong>de</strong></span> <span class='ocrx_word' id='word_1_309' title='bbox 1051 3966 1192 4035; x_wconf 89' lang='lat' dir='ltr'><strong>quo</strong></span> <span class='ocrx_word' id='word_1_310' title='bbox 1223 3945 1521 4037; x_wconf 80' lang='lat' dir='ltr'><strong>agimuS‚</strong></span> <span class='ocrx_word' id='word_1_311' title='bbox 1573 3944 1858 4035; x_wconf 78' lang='lat' dir='ltr'><strong>optativi</strong></span> <span class='ocrx_word' id='word_1_312' title='bbox 1902 3964 2095 4011; x_wconf 87' lang='lat' dir='ltr'><strong>usum</strong></span> <span class='ocrx_word' id='word_1_313' title='bbox 2138 3942 2472 4033; x_wconf 87' lang='lat' dir='ltr'><strong>pertinent</strong></span> <span class='ocrx_word' id='word_1_314' title='bbox 2497 3941 2624 4012; x_wconf 83' lang='lat' dir='ltr'><strong>illa</strong></span> 
     </span>
     <span class='ocr_line' id='line_1_35' title="bbox 381 4044 2622 4139; baseline -0.001 -25"><span class='ocrx_word' id='word_1_315' title='bbox 381 4067 667 4135; x_wconf 89' lang='lat' dir='ltr'><strong>quoque</strong></span> <span class='ocrx_word' id='word_1_316' title='bbox 719 4049 1030 4139; x_wconf 84' lang='lat' dir='ltr'><strong>exempla</strong></span> <span class='ocrx_word' id='word_1_317' title='bbox 1046 4096 1066 4134; x_wconf 89' lang='lat'>,</span> <span class='ocrx_word' id='word_1_318' title='bbox 1131 4050 1203 4117; x_wconf 88' lang='lat' dir='ltr'><strong>in</strong></span> <span class='ocrx_word' id='word_1_319' title='bbox 1256 4049 1498 4137; x_wconf 87' lang='lat' dir='ltr'><strong>quibus</strong></span> <span class='ocrx_word' id='word_1_320' title='bbox 1543 4046 1901 4116; x_wconf 85' lang='lat' dir='ltr'><strong>voluntatis</strong></span> <span class='ocrx_word' id='word_1_321' title='bbox 1959 4045 2298 4136; x_wconf 85' lang='lat' dir='ltr'><strong>quaedam</strong></span> <span class='ocrx_word' id='word_1_322' title='bbox 2361 4044 2622 4137; x_wconf 81' lang='lat' dir='ltr'><strong>sig-nifi-</strong></span> 
     </span>
     <span class='ocr_line' id='line_1_36' title="bbox 386 4143 2619 4238; baseline 0 -19"><span class='ocrx_word' id='word_1_323' title='bbox 386 4149 570 4219; x_wconf 80' lang='lat' dir='ltr'><strong>catio</strong></span> <span class='ocrx_word' id='word_1_324' title='bbox 624 4150 962 4222; x_wconf 86' lang='lat' dir='ltr'><strong>adiuncta.</strong></span> <span class='ocrx_word' id='word_1_325' title='bbox 986 4154 1312 4238; x_wconf 85' lang='lat' dir='ltr'><strong>cernitur,</strong></span> <span class='ocrx_word' id='word_1_326' title='bbox 1394 4161 1470 4220; x_wconf 88' lang='lat' dir='ltr'><strong>ut</strong></span> <span class='ocrx_word' id='word_1_327' title='bbox 1532 4149 1672 4222; x_wconf 90' lang='lat' dir='ltr'><strong>Od</strong></span> <span class='ocrx_word' id='word_1_328' title='bbox 1727 4154 1788 4223; x_wconf 76' lang='grc' dir='ltr'><strong>ὃ.</strong></span> <span class='ocrx_word' id='word_1_329' title='bbox 1833 4148 2011 4219; x_wconf 89' lang='grc'><strong>637.</strong></span> <span class='ocrx_word' id='word_1_330' title='bbox 2081 4176 2230 4224; x_wconf 78' lang='grc' dir='ltr'><em>των</em></span> <span class='ocrx_word' id='word_1_331' title='bbox 2285 4149 2406 4221; x_wconf 72' lang='grc' dir='ltr'><strong>κέν</strong></span> <span class='ocrx_word' id='word_1_332' title='bbox 2464 4143 2619 4220; x_wconf 79' lang='grc' dir='ltr'><strong><em>τιν’</em></strong></span> 
     </span>
     <span class='ocr_line' id='line_1_37' title="bbox 380 4246 2620 4352; baseline -0.004 -26"><span class='ocrx_word' id='word_1_333' title='bbox 380 4246 872 4348; x_wconf 70' lang='grc' dir='ltr'><strong>ἐλασσάμενος</strong></span> <span class='ocrx_word' id='word_1_334' title='bbox 932 4254 1418 4352; x_wconf 84' lang='grc' dir='ltr'><strong>δαμασαίμην.</strong></span> <span class='ocrx_word' id='word_1_335' title='bbox 1539 4254 1648 4323; x_wconf 83' lang='lat' dir='ltr'><strong>Ea</strong></span> <span class='ocrx_word' id='word_1_336' title='bbox 1705 4255 1797 4323; x_wconf 87' lang='lat' dir='ltr'><strong>ad</strong></span> <span class='ocrx_word' id='word_1_337' title='bbox 1846 4252 2212 4324; x_wconf 87' lang='lat' dir='ltr'><strong>secundam</strong></span> <span class='ocrx_word' id='word_1_338' title='bbox 2269 4251 2620 4320; x_wconf 85' lang='lat' dir='ltr'><strong>tertiamve</strong></span> 
     </span>
     <span class='ocr_line' id='line_1_38' title="bbox 375 4329 2622 4450; baseline -0.003 -24"><span class='ocrx_word' id='word_1_339' title='bbox 375 4377 745 4447; x_wconf 82' lang='lat' dir='ltr'><strong>personam</strong></span> <span class='ocrx_word' id='word_1_340' title='bbox 793 4360 1143 4448; x_wconf 85' lang='lat' dir='ltr'><strong>translata,</strong></span> <span class='ocrx_word' id='word_1_341' title='bbox 1220 4381 1427 4450; x_wconf 87' lang='lat' dir='ltr'><strong>saepe</strong></span> <span class='ocrx_word' id='word_1_342' title='bbox 1476 4329 1808 4428; x_wconf 81' lang='lat' dir='ltr'><strong>monentis</strong></span> <span class='ocrx_word' id='word_1_343' title='bbox 1857 4357 1971 4427; x_wconf 80' lang='lat' dir='ltr'><strong>vel</strong></span> <span class='ocrx_word' id='word_1_344' title='bbox 2019 4355 2307 4425; x_wconf 85' lang='lat' dir='ltr'><strong>iubentis</strong></span> <span class='ocrx_word' id='word_1_345' title='bbox 2365 4363 2495 4439; x_wconf 84' lang='lat' dir='ltr'><strong>est,</strong></span> <span class='ocrx_word' id='word_1_346' title='bbox 2546 4360 2622 4420; x_wconf 85' lang='lat' dir='ltr'><strong>ut</strong></span> 
     </span>
    </p>
   </div>
   <div class='ocr_carea' id='block_1_8' title="bbox 374 4455 2762 4576">
    <p class='ocr_par' dir='ltr' id='par_1_8' title="bbox 374 4455 2762 4576">
     <span class='ocr_line' id='line_1_39' title="bbox 374 4455 2762 4576; baseline 0.016 -49"><span class='ocrx_word' id='word_1_347' title='bbox 374 4458 464 4528; x_wconf 87' lang='lat'><strong>11.</strong></span> <span class='ocrx_word' id='word_1_348' title='bbox 506 4489 584 4535; x_wconf 81' lang='grc' dir='ltr'><strong>ω.</strong></span> <span class='ocrx_word' id='word_1_349' title='bbox 628 4459 798 4531; x_wconf 87' lang='grc'><strong>149.</strong></span> <span class='ocrx_word' id='word_1_350' title='bbox 856 4459 1075 4563; x_wconf 73' lang='grc' dir='ltr'><strong><em>κῆρυξ</em></strong></span> <span class='ocrx_word' id='word_1_351' title='bbox 1120 4461 1230 4548; x_wconf 77' lang='grc' dir='ltr'><strong>τίς</strong></span> <span class='ocrx_word' id='word_1_352' title='bbox 1277 4469 1354 4538; x_wconf 86' lang='grc' dir='ltr'><strong>οἱ</strong></span> <span class='ocrx_word' id='word_1_353' title='bbox 1399 4467 1652 4539; x_wconf 73' lang='grc' dir='ltr'><strong><em>ἕποιτο</em></strong></span> <span class='ocrx_word' id='word_1_354' title='bbox 1707 4459 2159 4561; x_wconf 61' lang='lat' dir='ltr'><strong>reponis-epo&amp;</strong></span> <span class='ocrx_word' id='word_1_355' title='bbox 2223 4466 2372 4528; x_wconf 62' lang='lat'><strong>“¹¹¹¹</strong></span> <span class='ocrx_word' id='word_1_356' title='bbox 2412 4455 2618 4524; x_wconf 58' lang='lat' dir='ltr'><strong>etim</strong></span> <span class='ocrx_word' id='word_1_357' title='bbox 2705 4565 2712 4574; x_wconf 81' lang='grc'><strong><em>,</em></strong></span> <span class='ocrx_word' id='word_1_358' title='bbox 2758 4572 2762 4576; x_wconf 81' lang='lat'><strong><em>.</em></strong></span> 
     </span>
    </p>
   </div>
  </div>
 </body>
</html>
