3325 5317
910 290 933 337 Ι

651 520 657 529 ,
760 482 893 547 81⁶
1196 472 1205 481 “
1418 472 1538 539 ns
1596 444 2330 540 comum-rmus

762 652 845 721 Io
859 698 882 736 ‚
928 650 1000 718 in
1026 648 1404 747 posteriore
1428 646 1798 734 Hercules,
1848 649 1960 718 cui
1995 650 2262 740 utrique
2285 646 2735 721 Prometheus
2772 649 3007 744 longis

763 750 1209 837 orationibus,
1269 750 1535 841 quanta'
1551 751 1630 819 iis
1674 775 1805 842 per
1842 753 2084 821 orbem
2119 763 2448 822 terrarum
2472 754 2711 822 itinera
2740 754 3005 824 facien-

765 859 858 927 da
874 905 896 942 ‚
948 865 1329 946 quantaque
1376 854 1729 924 subeunda
1772 856 2080 947 pericula
2117 866 2333 926 essent
2347 905 2369 942 ‚
2435 858 2852 948 explicabat:
2902 866 3002 945 ut,

762 961 821 1030 si
857 962 930 1028 in
967 959 1110 1029 aliis
1147 959 1441 1050 trilogiis
1485 958 1877 1027 varietatem
1908 982 2134 1028 rerum
2169 961 2537 1030 consectari
2572 959 2826 1030 studuit
2855 961 3007 1030 Ae-

762 1061 1038 1154 schylus
1057 1110 1081 1147 ‚
1156 1062 1230 1129 in
1278 1061 1387 1129 his
1443 1059 1706 1129 duabus
1756 1061 2002 1130 fabulis
2053 1062 2551 1132 similitudinem
2610 1063 2830 1131 videri
2871 1064 3002 1132 de-

761 1169 925 1236 beat
951 1167 1152 1235 etiam
1186 1164 1419 1232 dedita
1447 1185 1662 1256 opera
1689 1166 2104 1254 quaesivisse.
2206 1165 2393 1253 Quid
2419 1167 2629 1259 igitur
2652 1166 3005 1237 dicamus?

763 1270 947 1339 Num
991 1268 1493 1338 similitudinem
1551 1269 1745 1336 illam
1794 1270 2180 1337 fabularum
2211 1270 2481 1363 magis,
2548 1286 2775 1358 quam·
2797 1269 3002 1338 dissi-

764 1367 1210 1443 militudinem
1263 1372 1753 1462 spectatoribus
1806 1371 2186 1465 placuisse?
2264 1375 2425 1442 Non
2484 1372 2774 1466 putem.'·
2863 1375 3002 1443 Aut

763 1478 1054 1548 voluisse
1100 1474 1522 1566 Aeschylum
1564 1473 1951 1563 ostendere,
2019 1499 2345 1568 magnum
2395 1477 2772 1572 ingenium*
2798 1477 2999 1545 etiam

767 1604 851 1650 ea
898 1582 1009 1649 via
1044 1579 1332 1648 feliciter
1384 1578 1736 1663 incedere,
1801 1603 1939 1670 qua
1982 1580 2126 1648 aliis
2165 1603 2573 1672 prosperum
2616 1601 2999 1650 successum

763 1705 1038 1776 sperare
1081 1703 1217 1750 non
1266 1692 1438 1749 esset
1474 1682 1734 1750 licitum
1750 1680 1785 1748 ?
1834 1683 2187 1752 Fortassez
2240 1694 2308 1752 et
2335 1674 2782 1752 verisimilius
2815 1692 2998 1753 certe

763 1787 907 1858 hoc
941 1794 1073 1870 est,
1124 1806 1332 1873 quam
1363 1806 1499 1851 non
1541 1784 1783 1852 vidisse
1818 1808 1975 1854 eum
1993 1834 2014 1870 ,
2066 1808 2272 1875 quam
2305 1787 2778 1879 periculosum·
2805 1794 2996 1873 esset,

748 1888 1199 1958 similitudine
1219 1909 1443 1956 rerum
1472 1887 1762 1978 fatigare
1795 1899 2227 1981 spectatores.
2329 1891 2488 1960 Duo
2518 1898 2780 1958 tantum
2829 1900 3000 1976 sunt,

761 1992 888 2062 nisi
922 1992 1164 2075 fallor,
1216 2010 1391 2079 quae
1417 1989 1817 2082 responderi
1855 1994 1946 2061 ad
1989 1995 2469 2063 removendam
2506 1992 2691 2064 hanc
2728 1992 3002 2061 dubita-

763 2096 1016 2164 tionem
1070 2094 1344 2186 possint.
1446 2094 1525 2163 si
1566 2094 1705 2163 hae
1764 2096 2041 2167 fabulae
2072 2106 2259 2166 tanta
2276 2146 2297 2184 ,
2374 2104 2691 2187 quantam
2735 2096 2999 2166 indica-

763 2199 1017 2284 vimus»,
1081 2198 1513 2267 similitudine
1572 2199 1867 2285 fuerunt,
1919 2201 2245 2272 credibile
2299 2210 2400 2268 est
2455 2224 2567 2269 eas
2621 2200 2875 2291 primas
2930 2202 3001 2268 in

761 2303 1036 2395 trilogia
1100 2302 1302 2370 fuisse
1320 2353 1341 2391 ‚
1421 2302 1689 2373 tertiam
1751 2313 1975 2373 autem
2031 2303 2416 2376 successisse
2474 2304 2684 2372 talem
2701 2352 2722 2388 ‚
2792 2326 2993 2393 quae,

764 2429 974 2498 quam
1020 2406 1180 2474 illae
1228 2405 1471 2474 similes
1515 2407 1693 2491 inter
1746 2430 1854 2491 se,
1937 2417 2077 2475 tam
2124 2407 2387 2496 utrique
2430 2407 2782 2475 dissimilis·
2804 2416 3000 2492 esset,

765 2533 983 2601 eaque
1045 2508 1578 2578 dissimilitudine
1644 2510 1971 2579 maiorem
2026 2512 2097 2578 in
2161 2509 2445 2579 modum
2509 2519 3001 2601 compensaret,

764 2614 955 2705 quod
994 2612 1064 2680 in
1108 2613 1242 2681 illis
1286 2615 1502 2681 minus
1551 2623 1738 2683 recte
1784 2613 2042 2685 factum
2086 2614 2443 2682 videretur.
2566 2614 2710 2684 Sed
2771 2614 2999 2682 nescio

766 2741 854 2786 an
892 2717 1094 2787 etiam
1130 2715 1348 2784 verius
1386 2717 1467 2784 sit
1509 2717 1814 2785 alterum.
1917 2720 2094 2787 Nam
2138 2741 2313 2807 quae
2353 2718 2549 2786 nobis
2592 2738 2730 2784 non
2774 2725 3001 2808 potest

764 2843 904 2890 non
939 2820 1231 2889 maxima
1273 2820 1489 2889 videri
1531 2820 1897 2889 similitudo
1946 2845 2121 2907 esse,
2187 2823 2333 2912 quis
2381 2822 2550 2890 ausit
2596 2821 2824 2890 dicere
2842 2869 2863 2905 ‚
2913 2841 3000 2886 an

763 2924 946 2993 forte
1006 2922 1195 2993 haud
1249 2946 1495 3014 parum
1551 2925 1943 3010 contulerit,
2021 2947 2160 3015 quo
2222 2924 2699 2993 dissimillimae
2760 2925 3000 2992 fierent

763 3028 902 3097 hae
960 3027 1237 3097 fabulae
1255 3027 1296 3094 Ρ
1380 3029 1553 3096 Sunt
1601 3037 1784 3097 certe
1846 3027 2023 3097 duae
2065 3044 2203 3114 res,
2287 3052 2463 3118 quae
2520 3028 3000 3098 commendare

764 3130 947 3202 hanc
987 3132 1440 3200 coniecturam
1479 3131 1848 3200 videantur.
1950 3134 2252 3201 Primum
2296 3136 2473 3201 enim
2520 3131 2773 3203 chorus
2791 3179 2811 3215 ‚
2876 3130 2996 3219 qui

763 3236 838 3303 in
868 3233 1115 3301 Vincto
1156 3234 1572 3303 Prometheo
1614 3234 1885 3302 timidas
1926 3237 2218 3328 virgines
2263 3234 2507 3324 habet,
2557 3237 2642 3303 in’
2667 3235 2908 3307 Soluto
2955 3257 2997 3301 e

762 3336 1119 3408 Titanibus
1165 3346 1296 3421 est,
1345 3338 1723 3405 numinibus
1770 3348 1837 3405 et
1882 3348 2116 3407 natura
2157 3340 2497 3409 ferocibus
2512 3388 2533 3424 ,
2605 3347 2673 3407 et
2709 3345 2998 3429 propter

758 3442 1056 3535 privatas
1100 3440 1365 3509 iniurias
1408 3441 1555 3508 Iovi
1610 3440 1865 3509 infestis
1884 3489 1905 3525 ‚
1992 3451 2060 3509 et
2118 3465 2294 3512 nunc
2342 3442 2560 3510 fratris
2603 3439 2998 3510 Promethei

760 3545 1103 3638 ‘supplicio
1137 3547 1575 3636 exasperatis:
1638 3544 2023 3635 pariterque
2059 3568 2195 3614 non
2236 3549 2373 3613 iam
2406 3546 2485 3614 Io
2525 3546 2751 3634 aliqua
2796 3543 3000 3611 oestri

763 3650 1042 3718 stimulis
1103 3651 1446 3735 confecta,
1523 3649 1874 3740 longoque
1925 3670 2123 3717 cursu
2187 3649 2512 3718 exhausta
2563 3650 2653 3717 ad
2710 3650 2999 3719 Preme-

764 3752 999 3821 theum
1044 3753 1312 3822 advenit
1329 3803 1350 3839 ‚
1416 3773 1627 3843 opem
1664 3754 1803 3820 eius
1844 3753 2251 3844 impletam,
2324 3753 2445 3821 sed
2496 3762 2852 3844 superator
2889 3751 2998 3818 la-

763 3856 1008 3924 borum
1073 3859 1372 3926 omnium
1435 3857 1717 3925 invictus
1770 3854 1976 3924 heros
2040 3856 2263 3942 adest,
2356 3857 2606 3924 laturus
2658 3856 2994 3924 auxilium.

758 3957 1031 4028 ⁷Deinde
1062 3962 1178 4048 qui
1223 3962 1293 4028 in
1333 3961 1578 4030 Vincto
1622 3958 2039 4028 Prometheo
2084 3960 2268 4027 dirus
2312 3970 2413 4027 est
2462 3961 2698 4044 exitus,
2748 3961 2820 4027 in
2862 3960 2997 4028 So-

763 4060 911 4129 luto
949 4062 1114 4129 felix
1169 4075 1267 4132 est
1284 4113 1305 4148 ‚
1370 4064 1726 4132 interfecta
1766 4065 1852 4131 ab
1893 4063 2204 4132 Hercule
2243 4064 2471 4152 aquila
2490 4077 2520 4148 ‚'
2576 4064 2998 4151 liberatoque

674 4187 814 4250 18⁰
875 4164 1155 4235 vinculis
1219 4167 1653 4235 Prometheo}
1787 4168 1961 4235 Sunt
2027 4166 2222 4237 haec·
2275 4168 2590 4257 profecto
2646 4165 2994 4249 eiusmodi,

769 4291 949 4362 quae
1001 4268 1206 4337 facile
1255 4271 1528 4339 efficere
1584 4272 1962 4362 potuerint,
2021 4280 2135 4357 ut,
2200 4292 2339 4359 quo
2390 4271 2738 4340 similiores
2786 4276 2998 4339 essent

771 4373 1264 4465 compositione
1326 4371 1462 4442 hae
1520 4375 1829 4460 fabulae,
1934 4383 2126 4443 tanto
2171 4374 2390 4468 magis
2445 4376 2843 4447 tractatione
2900 4370 2995 4439 ad

764 4499 1094 4550 summam
1126 4475 1729 4555 dissimilitudhnem
1775 4477 2285 4551 adducerentur.
