3325 5317
1153 457 1825 528 ..mssnnnno
2488 414 2623 531 rea

377 658 506 727 „p.
548 630 772 703 1⁰99.
846 630 1395 719 Conetmuntur,
1462 632 1712 723 inquit,
1780 629 2050 702 diversa·
2094 631 2412 702 numm:
2484 628 2625 701 Te'-
2700 681 2707 698 .

374 787 420 826 ,,
436 738 704 807 rentius
748 737 822 807 in
854 736 1239 823 Eunucho,
1292 736 1379 807 Sa·
1427 738 1800 828 quisquam
1845 743 1982 825 est,
2035 735 2156 827 qm·
2195 736 2504 827 placere
2541 756 2624 805 se

376 888 421 927 „
434 841 768 910 studeant
809 839 1038 909 bonis
1052 849 1180 909 etc.
1293 837 1690 935 Quisquam
1744 838 1930 907 enim
1972 838 2079 907 ad
2126 838 2382 907 multoe
2415 839 2625 910 entel-

374 993 421 1031 „
439 944 750 1037 legitur.-
800 921 1148 1035 quomodo
1200 942 1273 1011 in
1316 942 1711 1035 Adelphis,
1771 940 2074 1034 Aperite
2113 941 2393 1050 aliquis
2416 948 2622 1011 actu-

374 1096 421 1136 ‚‚
434 1055 605 1118 tum.
711 1047 848 1115 Vbi
880 1045 1237 1115 Putschius
1279 1047 1555 1137 quidem
1600 1043 1889 1114 studeat
1929 1044 2123 1112 dedit
2137 1092 2160 1130 ,
2208 1015 2413 1136 plane
2455 1067 2624 1114 con-

373 1198 420 1238 „
434 1159 539 1219 tra
577 1150 719 1221 loci
762 1148 1175 1218 sententiam.
1274 1152 1372 1219 At
1416 1157 1624 1220 testor
1665 1168 1804 1241 ego
1854 1170 1968 1216 me
2012 1148 2086 1215 in
2122 1158 2438 1237 quattuor
2471 1148 2628 1217 Pri·-

361 1254 642 1343 ',‚sciani
705 1253 1202 1344 exemplaribus
1261 1253 1598 1322 studeant
1662 1272 2063 1343 repperisse.
2078 1254 2124 1293 ‘⁶
2257 1250 2627 1343 Indignum

378 1357 580 1443 vero,
629 1366 888 1425 tantum
938 1356 1155 1426 virum
1197 1358 1290 1424 ob
1338 1352 1671 1424 tantillam
1716 1377 1862 1422 rem
1901 1354 1995 1422 ita
2041 1377 2112 1423 se
2155 1374 2433 1445 passum
2481 1377 2628 1426 esse

379 1460 756 1552 cupiditate
789 1458 1047 1550 abripi,
1098 1468 1175 1528 ut
1204 1482 1292 1527 ne
1332 1482 1374 1526 a
1415 1458 1657 1528 fraude
1688 1458 1968 1546 quidem
2009 1465 2079 1526 et
2121 1457 2395 1530 fallacia
2435 1457 2628 1527 auxi·

375 1564 545 1632 lium
587 1572 821 1654 petere
861 1563 1395 1655 adspernaretur.
1462 1561 1605 1633 Cur
1650 1561 1830 1629 enim
1866 1559 2074 1648 tacuit
2087 1608 2108 1646 ,
2174 1570 2243 1629 et
2281 1561 2627 1630 Donatum

373 1668 503 1736 isto
530 1739 536 1746 ⁴
560 1668 757 1751 loco,
826 1687 1034 1756 quem
1088 1665 1350 1751 affert„
1396 1665 1484 1734 ad
1532 1665 1748 1734 Andr.
1788 1664 1908 1734 lv.
1953 1661 2039 1750 l,
2087 1662 2157 1731 3.
2227 1673 2299 1735 et
2334 1663 2629 1736 Priscia-

373 1793 536 1839 num
552 1817 574 1857 ,
628 1770 828 1839 etiam
870 1767 1070 1838 illum
1117 1792 1383 1838 versum
1430 1767 1752 1839 adiecisse
1768 1815 1790 1855 ,

685 1919 759 1992 in
810 1923 922 1992 his
949 1930 1175 2016 poeta
1214 1922 1333 1991 hic
1360 1943 1609 1992 nomen
1633 1915 2027 2015 profitetur
2054 1912 2319 1991 suum?

235 2149 244 2155 ι
371 2079 483 2148 Ex
527 2098 666 2166 quo
711 2084 948 2169 aperte
997 2050 1457 2164 (misequitur,
1509 2082 1585 2143 ut
1617 2075 1965 2165 potuerint
2008 2076 2245 2167 legere
2274 2063 2628 2160 studeant,
2673 2089 2685 2100 f

371 2190 607 2252 tamen
639 2203 778 2248 non
815 2179 1034 2247 solum
1077 2202 1214 2247 non
1263 2181 1421 2248 luce
1467 2178 1748 2263 clarius,
1817 2177 1936 2245 sed
1979 2178 2205 2269 potius
2252 2178 2454 2246 valde
2491 2177 2630 2245 du-

374 2284 567 2353 bium
614 2307 791 2369 esse,
856 2282 928 2350 id
976 2306 1091 2351 eos
1141 2282 1210 2350 in
1243 2282 1425 2350 libris
1477 2281 1608 2349 suis
1654 2281 1969 2348 habuisse
1987 2329 2009 2366 ,
2061 2303 2304 2371 quum,
2354 2288 2432 2348 ιιι
2465 2281 2627 2373 plu-

375 2387 592 2455 ralem
653 2396 720 2455 et
765 2385 1177 2479 singularem
1238 2385 1559 2477 coniungi
1616 2383 2083 2469 ostenderent,
2159 2382 2331 2452 illud
2387 2383 2461 2452 in
2516 2382 2629 2453 his

377 2490 831 2558 adiiciendum
881 2491 1192 2559 duxerint
1208 2537 1230 2574 ,
1282 2511 1455 2579 qno,
1508 2489 1565 2556 si
1609 2488 1946 2557 studeant
1987 2488 2309 2580 legebant
2324 2534 2345 2572 ,
2397 2508 2630 2555 carere

379 2602 564 2664 certe
605 2593 996 2687 potuissent.
1131 2591 1274 2661 Cur
1328 2601 1552 2659 autem
1610 2591 1730 2660 hic
1775 2589 1944 2658 illud
1961 2642 1982 2680 ‚
2075 2589 2199 2658 nisi
2242 2585 2631 2681 decipiendi

376 2696 649 2768 lectoris
692 2720 922 2773 caussa
941 2746 961 2783 ,
1032 2697 1242 2767 tacuit
1282 2695 1653 2781 BentleiuS‚
1709 2702 1779 2762 et
1801 2703 1958 2762 'non
1995 2692 2084 2761 ad
2125 2689 2376 2761 Heaut.
2419 2691 2626 2778 11.24,

379 2797 504 2886 12.
553 2801 674 2869 ubi
717 2804 922 2893 plane
974 2801 1069 2881 ita
1086 2848 1107 2886 ,
1175 2807 1252 2867 ut
1304 2807 1372 2866 et
1422 2798 1725 2867 Donatus
1771 2806 1839 2866 et
1885 2797 2261 2868 Priscianus
2310 2795 2621 2864 videntu‘r
2637 2801 2722 2865 13

376 2903 668 2972 voluisse
682 2950 703 2985 ,
766 2905 1025 2987 scribit:
1091 2951 1135 2989 „
1150 2902 1431 2971 mutatio
1475 2910 1577 2971 est
1622 2899 1887 2976 numeri
1902 2952 1923 2989 ‚
1997 2908 2074 2968 ιιι
2108 2901 2284 2969 Ειιιι.
2332 2900 2616 2992 Prolog,

374 3006 495 3095 „si
537 3006 909 3098 quisquam
947 3014 1051 3075 est
1087 3045 1193 3057 -
1234 3007 1307 3074 in
1351 3005 1528 3074 his.“
1603 3007 1710 3074 lta
1753 3004 1967 3073 omnis
1998 3004 2116 3076 illa
2142 3003 2507 3094 disputatio
2542 3025 2626 3071 eo

239 3108 266 3117 ⁶
376 3109 558 3178 redit
572 3158 592 3194 ‚
659 3121 734 3179 ut
777 3109 948 3177 nihil
987 3132 1120 3201 pro
1159 3110 1288 3178 isto
1336 3109 1674 3178 studeant
1715 3108 2075 3200 protulerit
2090 3160 2110 3196 ‚
2180 3127 2385 3196 quam
2427 3115 2629 3197 quat-

380 3221 538 3281 tuor
568 3213 721 3282 illos
757 3214 968 3283 libros
1012 3212 1365 3298 Prisciani,
1418 3235 1710 3301 quorum
1758 3233 1897 3280 non
1938 3211 2205 3280 videtur
2249 3233 2630 3303 permagna

376 3317 735 3388 auctoritas
776 3341 922 3386 esse
937 3365 960 3402 ,
1011 3340 1221 3407 quum
1255 3324 1323 3385 et
1343 3326 1780 3406 *postremum
1806 3336 2076 3396 versum
2104 3313 2447 3383 addiderit
2473 3315 2626 3383 Pri—

376 3419 636 3488 scianus
656 3467 678 3505 ,
728 3444 949 3510 neque
992 3421 1083 3488 de
1126 3422 1255 3488 isto
1302 3420 1642 3490 studeant
1699 3419 2072 3509 quidquam
2123 3417 2364 3485 dixerit
2379 3466 2399 3502 ‚
2452 3426 2521 3485 et
2557 3415 2627 3483 in

369 3520 483 3590 his
503 3573 524 3610 ,
590 3545 778 3611 quae
810 3523 899 3591 de
939 3523 1191 3614 plurali
1245 3522 1441 3612 dicit,
1505 3525 1718 3591 verba
1760 3524 1832 3591 in
1877 3522 1990 3590 his
2033 3521 2258 3611 potius
2292 3527 2626 3610 spectasse

373 3624 718 3713 videatur,
781 3636 857 3694 nt
889 3628 1006 3715 qui
1038 3627 1343 3704 Terentii
1372 3626 1614 3702 ,locum
1645 3648 1803 3697 cum
1848 3623 1990 3693 hoc
2033 3621 2404 3714 Sophoclis
2431 3644 2628 3693 com·-

371 3729 619 3819 paret
597 3752 670 3825 ιιι
694 3732 1076 3836 Antigona,
1124 3751 1188 3798 v.
1222 3728 1398 3797 707.

686 3868 875 3949 ὄςτις
903 3861 1041 3964 γοῖρ
1077 3858 1299 3946 αὐτος
1330 3863 1377 3963 ἢ
1390 3869 1714 3985 φρονεῖν
1742 3857 1968 3958 μόνος
1998 3866 2213 3949 δοκεῖ,

679 3969 729 4067 ἢ
759 3972 1128 4062 γλῶσσαν,
1184 3968 1273 4067 ἢν
1320 3964 1448 4041 οὐκ
1496 3968 1748 4053 ἄλλος,
1799 3966 1847 4063 ἢ
1890 3988 2134 4063 ψυχην
2183 3969 2401 4058 ἔχειν,

682 4068 894 4144 οὗτοι
954 4073 1571 4162 διαπτυχθέντες,
1643 4067 1999 4169 ὤφθησαν
2046 4070 2264 4145 κενοί.

578 4204 902 4314 Sequitur
958 4208 1177 4276 statim
1239 4207 1425 4299 apud
1481 4206 1911 4278 Terentium:

676 4352 830 4413 tum
861 4345 924 4413 si
954 4344 1109 4437 quis
1138 4351 1279 4430 est,
1332 4346 1453 4438 qui
1489 4343 1827 4413 dictum
1798 4367 1872 4413 m
1911 4367 1990 4416 ee
2021 4344 2501 4432 inclementius
2558 4403 2565 4412 .

684 4447 1115 4519 existimabit
1152 4451 1303 4518 esse
1318 4497 1340 4537 ,
1390 4448 1497 4519 sic
1535 4447 1906 4522 existimet.

477 4548 1059 4624 Euenor-11.
1826 4644 1837 4651 .
2165 4547 2222 4620 S

1625 4725 1650 4794 1
