3325 5317
1099 451 1877 523 “mssnuu'nm
2088 454 2102 484 ¹
2189 438 2213 461 “
2518 429 2677 530 ‘aa'

655 637 735 700 nt
779 652 872 700 ex
925 623 1547 703 illins‘commodo
1598 654 1836 701 meum
1891 653 2392 805 congararem
2455 657 2649 707 com-

1895 758 2012 805 mo
2068 759 2210 805 um.

396 887 489 956 Et
522 894 708 956 recte
751 892 930 956 sane.
1030 886 1236 957 Vnde
1281 859 1714 957 scribendum
1763 894 1941 973 erat,
2012 887 2070 956 si
2122 888 2404 979 quidem
2445 892 2647 986 signis

395 991 805 1082 quibusdam
845 1000 915 1059 et
954 991 1126 1059 notis
1157 990 1522 1061 indicanda
1550 990 2021 1083 pronunciatio
2060 1002 2191 1080 est,

655 1173 729 1247 ’x
770 1176 1079 1248 Graecis
1115 1176 1312 1248 bonis
1353 1177 1657 1247 Latinas
1677 1176 1871 1271 fecit
1902 1199 2042 1248 non
2083 1177 2323 1251 bonas.

396 1365 672 1537 {lodgm
708 1366 934 1537 ἰιιεὲἱὲ
955 1365 1157 1435 Ennii
1189 1366 1397 1436 verba
1443 1364 1869 1459 disponenda
1921 1364 2232 1438 videntur
2274 1368 2461 1462 apud
2504 1368 2646 1440 cic.

453 1491 492 1535 e
611 1492 646 1536 r

654 1644 952 1691 sam-um
993 1642 1239 1691 rerum
1280 1621 1565 1708 incerti,
1616 1645 1792 1716 quos
1835 1643 1977 1726 ego
2010 1643 2146 1716 qve
2177 1644 2343 1693 mea

656 1720 729 1793 ’x
764 1726 1050 1795 incertis
1085 1733 1349 1812 certos,
1403 1734 1892 1819 compotesque
1935 1726 2184 1795 consili

657 1828 968 1909 dimitto,
1021 1837 1100 1898 ut
1147 1852 1238 1898 ne
1285 1851 1405 1899 res
1454 1836 1721 1899 temere
1762 1836 2069 1898 tractent
2108 1827 2459 1898 turbidas.

398 1980 479 2049 In
505 1981 732 2072 primo
770 1981 973 2050 huius
1003 1981 1368 2075 fragmenti
1395 2003 1592 2050 versu
1613 2033 1634 2071 ,
1686 2003 1899 2070 quum
1925 1981 2142 2073 vulgo
2176 1982 2446 2073 legatur
2486 2002 2650 2050 mea

400 2106 536 2175 ope
555 2134 576 2173 ,
631 2086 1026 2153 mutandum
1061 2086 1264 2153 fuisse
1298 2085 1609 2152 ordinem
1646 2086 2011 2152 verborum
2053 2085 2221 2153 vidit
2252 2086 2454 2154 etiam
2494 2084 2684 2154 Car.²

398 2187 738 2278 Reisigius
767 2188 837 2254 in
866 2188 1168 2259 Coniect.
1218 2189 1290 2256 iu
1315 2186 1666 2278 Asistoph.
1695 2188 1815 2255 lib.
1863 2186 1918 2256 1.
1962 2210 2035 2277 p.
2055 2185 2187 2254 72.

607 2376 851 2445 Statim
884 2375 1181 2465 sequitur
1222 2375 1410 2468 apud
1439 2376 1864 2483 Terentium:

659 2528 873 2624 Idem
913 2528 1308 2598 Menandri
1345 2529 1673 2598 Phasma
1707 2551 1893 2598 nunc
1946 2550 2177 2621 nuper
2226 2527 2485 2611 dedus
2616 2529 2623 2538 ‘

661 2641 877 2726 atque
921 2634 992 2701 in
1046 2632 1413 2722 Thesauro
1457 2634 1777 2726 scripsit,

401 2794 475 2855 et
506 2785 788 2875 reliqua.
890 2787 999 2854 lbi
1026 2785 1204 2856 haec
1243 2786 1624 2856 adnotavit:
1678 2786 2071 2875 „Donatum
2123 2789 2440 2877 apparet
2467 2803 2652 2874 pro-

402 2939 449 2976 „
466 2892 876 2957 nunciatum
893 2938 913 2974 ‚
996 2890 1202 2982 quasi
1260 2890 1396 2960 hoc
1451 2892 1606 2983 ipso
1653 2888 2107 2959 admonuerit
2158 2893 2656 2980 spectatorem,

398 3014 682 3083 „qaam
746 2993 1053 3084 tuipiter
1123 3000 1191 3061 et
1255 2995 1581 3086 imperite
1650 2994 1837 3063 haec
1882 2989 2161 3086 fabula
2220 2991 2497 3081 scripta
2544 2989 2656 3058 sit.

401 3096 745 3180 „lterumz
807 3096 1181 3165 Phasma:
1254 3097 1446 3166 hanc
1474 3096 1829 3191 fabulam
1872 3104 2102 3165 totam
2157 3095 2497 3177 damnat,
2578 3098 2657 3160 nt

395 3247 446 3286 „
464 3206 813 3292 apparet,
882 3201 1155 3270 silmttio
1170 3223 1197 3279 3
1288 3201 1737 3271 Thesaurum
1776 3223 1952 3271 vero
2004 3222 2142 3269 non
2182 3206 2408 3270 totum
2425 3244 2447 3283 ,
2524 3195 2658 3265 sed

400 3347 448 3391 „
467 3325 558 3372 ex
585 3326 722 3374 uno
761 3305 935 3372 loco.
1036 3306 1258 3374 Recte
1303 3305 1582 3395 quidem
1627 3306 1841 3377 haec:
1891 3303 2012 3373 sed
2057 3313 2318 3387 tamen,
2363 3309 2438 3369 ut
2478 3320 2659 3369 nuno

404 3452 451 3491 „
468 3405 718 3491 fertur,
778 3416 955 3476 totus
1008 3407 1125 3477 hic
1179 3432 1404 3478 versus
1452 3431 1653 3482 arena
1705 3411 1845 3478 sine
1891 3408 2081 3479 calce
2130 3415 2264 3476 est:
2325 3426 2453 3472 nec
2498 3425 2657 3474 cum

400 3556 447 3596 „
466 3510 806 3598 prioribus
822 3562 841 3598 ‚
907 3535 1034 3581 nec
1084 3535 1242 3581 cum
1288 3515 1714 3602 sequentibus
1759 3512 2101 3582 cohaeret.
2202 3506 2547 3596 Equidem
2579 3507 2648 3574 in
2664 3515 2751 3580 15

400 3613 732 3702 „Donato
766 3616 1224 3706 manuscripto
1260 3616 1401 3684 hoc
1447 3616 1587 3708 legi
1608 3664 1628 3699 ,
1682 3615 1870 3703 quod
1915 3616 1985 3684 iu
2033 3611 2226 3682 editis
2270 3633 2409 3678 non
2452 3631 2658 3701 repe-

328 3799 332 3803 >
400 3716 659 3802 „riturz
710 3716 878 3788 item
921 3718 966 3785 i.
1012 3740 1069 3786 e.
1112 3720 1503 3788 similiter.“
1605 3718 1791 3788 Hinc
1830 3715 2075 3802 edidit,
2141 3714 2311 3783 item
2365 3720 2444 3780 at
2492 3712 2657 3782 Me·-

399 3821 669 3890 nandri
696 3819 1026 3889 Phasma
1044 3869 1065 3907 ,
1116 3832 1185 3890 et
1211 3821 1715 3893 confirmandae
1750 3822 1815 3889 ei
1857 3821 2285 3891 coniecturae
2321 3816 2524 3886 affert
2564 3816 2655 3886 11.

404 3923 479 4008 2,
511 3923 634 3990 33.
677 3934 745 3991 et
769 3924 1001 3993 Heaut
1030 3925 1152 3993 111.
1199 3925 1271 4011 1,
1316 3926 1389 4001 8.
1445 3928 1723 3995 Poterat
1754 3926 1966 3994 multa
2013 3921 2260 3992 afferre
2305 3921 2657 4014 exemplat
2752 3974 2758 3980 .

401 4025 526 4093 sed
577 4048 716 4116 quo
759 4027 962 4117 plura
1018 4028 1340 4099 attulisset
1357 4078 1378 4114 ‚
1446 4053 1532 4099 eo
1575 4029 1838 4100 facilins
1878 4028 2188 4111 vidisset,
2257 4025 2504 4098 frustra
2546 4024 2657 4093 af·-

399 4128 581 4198 ferri.
685 4131 862 4197 Nam
901 4132 1070 4199 item
1130 4143 1228 4200 est
1274 4134 1461 4203 aliud
1514 4156 1721 4222 quam
1768 4135 1915 4219 ita,
1982 4141 2052 4201 et
2102 4131 2273 4200 item
2328 4137 2409 4202 ut
2470 4127 2656 4210 aliud

395 4255 610 4323 quam
639 4232 747 4301 ita
784 4242 885 4301 ut.
989 4236 1167 4303 Nam
1206 4238 1311 4306 ita
1354 4238 1726 4329 significat,
1781 4260 1865 4307 eo
1897 4235 2142 4317 mod203
2193 4234 2364 4306 item
2407 4242 2654 4311 autem,

399 4336 653 4405 eodem
711 4337 947 4405 modo.
1048 4339 1250 4409 Vnde
1310 4341 1549 4409 similia
1607 4363 1820 4429 quum
1874 4348 2392 4433 comparantur,
2468 4343 2656 4404 recte

402 4440 649 4511 dicitur
679 4440 882 4531 item,
932 4451 1011 4509 ut
1042 4442 1286 4513 Heaut.
1326 4445 1411 4515 V.
1454 4444 1546 4531 4,
1598 4444 1721 4513 12.
