3325 5317
1185 432 1832 494 nlssERrA'no.
2472 393 2626 504 ¹21⁵

392 624 579 687 mus,
646 602 813 692 quid
857 602 1044 672 aliud
1092 603 1459 691 habemus,
1487 585 1492 592 ³
1523 627 1727 693 quam
1767 626 1875 675 res
1916 624 2235 698 magnam
2280 614 2545 698 partem
2580 633 2622 677 a

391 705 848 796 praedonibus
887 716 1149 798 gestas,
1216 731 1461 798 easque
1504 710 1614 779 vix
1644 707 1885 800 dignas
1923 710 2348 778 memoratu?
2408 709 2621 795 Quod

391 809 448 877 si
486 831 814 879 summam
843 833 928 879 ex
972 808 1080 880 his
1108 812 1529 905 colligimus,
1580 810 1760 881 haec
1796 820 1928 900 est,
1980 836 2155 902 quae
2180 811 2459 881 historia
2489 838 2621 905 ap-

251 912 257 917 ’
387 911 637 1004 pellari
680 914 911 1005 possit.
1012 913 1340 984 Advenae
1372 919 1770 1007 Aegyptum
1799 924 2001 1005 atque
2040 916 2363 985 Arabiam
2411 938 2621 985 occu-

385 1024 653 1106 parunt.
752 1017 862 1084 Ex
906 1017 1235 1110 Aegypto
1282 1019 1559 1118 quidam
1595 1020 1838 1124 Argos
1891 1042 2010 1088 seu
2059 1042 2301 1090 venere
2342 1041 2464 1088 seu
2504 1042 2619 1087 re-

390 1117 598 1186 diere.
683 1118 820 1188 lbi
882 1142 999 1188 eos
1052 1123 1431 1190 invaserunt
1484 1111 1865 1213 praedones
1882 1170 1905 1207 ,
1974 1144 2276 1212 quorum
2312 1121 2620 1192 nonnulli

388 1230 771 1289 manserunt
817 1223 1005 1314 apud
1054 1246 1188 1293 eos.
1291 1226 1537 1294 Postea
1571 1247 1728 1314 pars
1762 1248 1986 1294 rerum
2017 1247 2337 1316 novarum
2366 1225 2617 1318 cupida

387 1325 520 1393 alio
560 1324 751 1394 sedes
778 1326 1151 1414 quaesitum
1177 1327 1359 1395 abiit.
1460 1329 1569 1396 Ex
1602 1326 1709 1395 his
1728 1374 1750 1414 ,
1802 1329 1920 1417 qui
1951 1312 2401 1396 remanserant
2429 1351 2623 1396 mer-¹

388 1438 691 1497 caturam
742 1438 1120 1500 exercentes
1135 1481 1157 1518 ‚
1234 1431 1415 1521 pulsi
1456 1430 1737 1520 quidam
1791 1440 1940 1499 sunt
1957 1478 1980 1517 ,
2049 1431 2169 1521 qui
2208 1429 2615 1499 dominatio-

386 1553 543 1598 nem
601 1529 922 1601 affectare
972 1533 1389 1602 videbantur.
1515 1534 1653 1620 Qui
1727 1557 1936 1623 quum
1998 1535 2243 1602 multas
2301 1534 2613 1626 regiones

383 1635 744 1726 pervagati
781 1636 1042 1728 magnis
1087 1659 1243 1708 cum
1286 1637 1528 1729 opibus
1574 1636 1869 1706 redirent
1883 1686 1904 1722 ‚
1973 1637 2070 1704 illi
2083 1685 2105 1722 ‚
2169 1637 2287 1725 qui
2335 1658 2452 1705 eos
2492 1658 2612 1706 ex-

382 1738 735 1828 pulerant,
820 1761 990 1829 prae
1043 1750 1231 1808 metu
1292 1739 1705 1830 reliquerunt
1771 1740 1964 1809 sedes
2012 1763 2184 1809 suas.
2316 1740 2396 1807 In
2442 1761 2611 1829 quos

384 1863 597 1929 quum
645 1862 806 1909 casu
850 1842 1261 1928 incidissent,
1316 1843 1570 1931 eosque
1597 1843 2091 1934 impedivissent
2135 1841 2404 1936 longius
2441 1863 2613 1933 pro-

382 1943 616 2035 gredi,
678 1943 815 2012 iam
860 1966 999 2013 non
1041 1948 1304 2037 ArgoS‚
1370 1946 1715 2036 pristinam
1757 1946 2046 2038 patriam
2087 1968 2308 2031 suam,
2380 1945 2611 2014 deser-

380 2057 524 2121 tam
561 2067 739 2115 nunc
756 2099 778 2136 ‚
854 2048 977 2116 sed
1017 2048 1427 2138 Tirynthem
1469 2057 1743 2140 petunt,
1824 2050 1944 2117 ubi
1986 2049 2229 2117 misere
2277 2049 2609 2131 vivebant,

384 2150 502 2239 qui
556 2149 723 2217 olim
768 2151 974 2243 Argis
1018 2160 1259 2242 sponte
1307 2152 1625 2220 abierant.
1727 2151 1855 2220 His
1901 2153 2128 2245 Argos
2162 2152 2370 2219 missis
2386 2199 2407 2235 ‚
2470 2150 2600 2241 ipsi
2614 2151 2701 2214 22

380 2252 719 2343 Tirynthe
736 2300 758 2337 ‚
835 2255 1261 2324 communitis
1302 2254 1542 2323 Midea
1589 2262 1657 2323 et
1695 2253 2004 2345 Mycenis
2018 2303 2039 2340 ‚
2114 2276 2399 2346 regnum
2442 2275 2610 2323 con-

382 2356 556 2424 dunt
601 2358 1134 2447 potentissimum
1149 2406 1171 2443 ‚
1276 2381 1566 2449 parsque
1632 2379 1866 2426 eorum
1923 2357 2164 2425 insulas
2221 2354 2609 2426 Echinades

358 2447 680 2549 'occupat
693 2506 715 2544 ‚
804 2469 873 2529 et
919 2461 1019 2528 ibi
1068 2461 1419 2532 latrocinia
1469 2469 1756 2529 exercet.
1871 2461 1966 2529 Hi
2026 2461 2317 2528 latrones
2366 2449 2609 2551 postea

379 2562 792 2655 praedantur
837 2562 1186 2653 Mycenas
1326 2564 1510 2631 lnter
1567 2562 2010 2653 Mycenenses
2065 2563 2187 2630 lite
2252 2563 2344 2630 ob
2406 2584 2610 2631 recu-

379 2676 690 2757 peratam
729 2666 1061 2757 praedam
1100 2675 1282 2751 orta,
1333 2665 1670 2734 fortissimi
1709 2666 1832 2735 viri
1857 2690 1898 2735 a
1924 2665 2442 2757 potentioribus,
2491 2664 2613 2755 qui

380 2769 709 2860 Mycenas
742 2779 814 2837 et
845 2769 1249 2860 Tirynthem
1280 2777 1649 2861 occupant,
1700 2769 2010 2838 Mideam
2054 2767 2281 2840 autem
2315 2768 2609 2838 scelestis

381 2872 806 2966 quibusdam,
847 2873 1233 2941 hominibus
1291 2874 1714 2942 committunt
1729 2921 1750 2959 ,
1842 2873 1913 2941 in
1973 2872 2246 2941 exilium
2295 2879 2606 2965 aguntur.

379 2976 478 3046 Hi
520 2975 804 3044 Thebas
852 3000 922 3046 se
972 2976 1361 3063 conferunt,
1412 2975 1859 3066 diuturnoque
1891 2976 2080 3044 bello
2122 2973 2365 3042 insulas
2391 2972 2610 3045 Echi-

379 3079 590 3149 nades
637 3079 708 3146 in
745 3088 1153 3170 potestatem
1195 3102 1384 3149 suam
1421 3078 1757 3172 redigunt.
1858 3077 2121 3148 Posteri
2162 3100 2396 3148 eorum
2412 3126 2434 3164 ‚
2502 3077 2609 3144 in-

328 3226 336 3246 .
378 3183 769 3252 festantibus
812 3183 1241 3277 optimatibus
1279 3184 1691 3275 Argivorum
1705 3231 1726 3267 ‚
1796 3183 1913 3272 qui
1956 3203 2171 3274 reguo
2217 3204 2334 3250 eos
2375 3181 2610 3250 exclu-

378 3273 598 3356 s'erant
614 3333 636 3371 ,
713 3284 856 3358 huc
912 3287 1077 3356 illuc
1128 3287 1360 3380 vagati
1426 3296 1494 3355 et
1552 3286 1822 3355 labores
1884 3286 2132 3356 multos
2193 3285 2610 3377 pertulerunt

383 3398 451 3459 et
499 3377 795 3481 plurima
841 3390 1193 3459 ediderunt
1247 3390 1532 3482 egregia
1572 3389 1892 3459 facinora.
2012 3384 2377 3476 Aliquanto
2429 3391 2642 3477 post‚‘

378 3494 596 3562 acrius
634 3493 1101 3561 insectantibus
1152 3515 1266 3561 eos
1314 3492 1583 3585 Argivis
1598 3542 1619 3578 ‚
1701 3513 1911 3582 quum
1959 3491 2377 3581 aliquamdiu
2426 3489 2600 3556 Tra-

380 3595 583 3666 chine
632 3596 973 3664 latuissent
986 3644 1007 3682 ‚
1094 3596 1185 3664 ad
1242 3594 1681 3664 Athenienses
1735 3597 2237 3678 concesserunt,
2316 3612 2607 3680 quorum

380 3699 631 3767 auxilio
682 3708 946 3767 strenue
1007 3699 1395 3768 dimicantes
1451 3699 1800 3791 fregerunt
1854 3697 2233 3790 potentiam
2299 3695 2605 3787 Argivo-

378 3824 528 3871 rum
545 3850 567 3888 ‚
659 3811 737 3870 ut
799 3802 975 3871 adeo
1031 3824 1321 3895 regnum
1382 3824 1615 3869 eorum
1674 3800 2086 3869 vastaverint.
2215 3796 2359 3867 Sed
2419 3799 2605 3867 fame

380 3913 449 3974 et
496 3904 775 3997 proeliis
837 3906 1080 3992 attriti,
1167 3929 1324 3997 pars
1393 3928 1467 3973 se
1538 3906 1607 3972 in
1677 3904 1960 3972 insulam
2025 3901 2360 3972 Rhodum
2435 3923 2633 3996 con-x

375 4009 563 4096 tulit,
616 4011 865 4080 caeteri
919 4010 1056 4078 alio
1102 4009 1492 4079 discessere:
1559 4007 1679 4098 qui
1725 4007 2121 4076 idemtidem
2173 4013 2426 4074 tentata
2465 4005 2603 4073 Pe·-

371 4112 770 4234 loponneso·
764 4162 793 4236 ⁹.
928 4111 1201 4182 tandem
1275 4111 1629 4204 -Naupacti
1736 4111 1949 4181 classe
2071 4118 2322 4179 structa
2408 4108 2602 4176 tantis

363 4237 534 4287 cum
616 4217 831 4307 copiis
922 4217 1421 4308 expeditionem
1483 4226 1947 4308 susceperunt,
2040 4224 2117 4284 ut
2187 4222 2255 4282 et
2308 4213 2602 4303 subige-

372 4330 519 4390 rent
593 4320 1050 4414 Peloponnesi
1123 4318 1481 4425 maximam
1548 4329 1846 4412 partem,
1915 4327 1982 4388 et
2064 4340 2215 4387 eam
2290 4316 2463 4383 inter
2529 4336 2602 4380 se

371 4424 766 4494 dividerent.
