3325 5317
796 456 1274 520 SERMONIS
1329 457 1797 520 HOMERICI
1852 458 2083 519 DISS.
2130 458 2204 522 11.
2532 460 2620 524 47

381 627 554 702 368.
658 630 806 700 Iam
856 654 1021 704 vero
1068 631 1421 704 existimari
1471 632 1755 725 poterit,
1846 631 2012 722 quid
2067 631 2486 701 sentiendum
2540 633 2623 700 sit

380 737 469 806 de
509 735 619 805 his
661 719 866 804 locist
916 735 997 803 11.
1038 740 1101 809 λ.
1149 735 1324 805 492.
1380 764 1474 817 ως
1524 732 1600 810 δ’
1647 728 1877 809 ὁπότε
1936 729 2239 832 πλήθων
2288 728 2623 828 ποταμός

377 838 710 914 πεδίονδε
735 833 1061 911 κάτεισιν
1102 834 1537 938 χειμάρρους
1582 835 1754 911 κατ’
1809 837 2123 934 ὄρεςφιν,
2177 831 2622 933 ὀπαζόμενος

379 935 568 1023 Διός
611 940 889 1035 ὄμβρῳ.
992 942 1391 1012 Zenodotus
1410 992 1432 1029 ‚
1499 944 1685 1012 cuius
1726 941 2064 1033 plurimae
2105 943 2409 1010 feruntur
2461 964 2628 1033 pra-

380 1068 505 1115 vae
534 1046 986 1116 correctiones
1003 1094 1023 1130 ‚
1075 1045 1406 1120 πεδίονδε
1459 1048 1705 1142 δίηται
1731 1045 2275 1116 scribebat.1d
2306 1044 2627 1136 arripiens

378 1147 825 1220 Thierschius
859 1172 932 1240 p.
973 1147 1146 1217 199.
1190 1149 1355 1219 dum
1395 1150 1563 1218 mire
1608 1149 1908 1233 laborat,
1959 1158 2034 1216 ut
2061 1147 2460 1217 insolentem
2491 1147 2627 1216 hu-

378 1253 481 1320 ius
527 1252 720 1326 verbi
762 1276 958 1320 usum
1006 1253 1234 1342 aliquo
1283 1253 1500 1324 modo
1545 1252 1909 1338 defendat,
1974 1253 2142 1340 quid
2188 1252 2375 1321 aliud
2421 1274 2626 1342 quam

378 1356 577 1442 facit,
629 1364 705 1423 ut
737 1355 873 1424 iam
903 1365 1274 1425 torrentem
1318 1380 1453 1424 non
1495 1357 1641 1448 iugi
1683 1367 2158 1446 perpetuoque
2201 1378 2400 1424 cursu
2445 1355 2629 1437 ferri,

379 1459 537 1545 sed,
588 1460 846 1550 leporis
873 1460 1112 1545 instar,
1166 1461 1363 1530 simul
1413 1471 1481 1530 et
1528 1460 1757 1528 venire
1794 1470 1864 1528 et
1904 1462 2187 1530 evasisse
2228 1457 2630 1527 videamus?

383 1693 458 1739 σι
501 1669 858 1748 διίπετεός
865 1673 1265 1792 νποτοιμοῒο
1310 1670 1664 1790 βέβρυχεν
1707 1667 1897 1760 μέγα
1941 1667 2145 1758 κῦμα
2189 1692 2361 1738 ποτι
2418 1637 2625 1762 ῥόον,

380 1766 577 1864 α’μφὶ
621 1772 706 1843 δέ
730 1765 808 1842 τ’
842 1768 1062 1867 ἄκραι
1091 1764 1324 1869 ἠιόνες
1346 1765 1701 1864 βοόωσιν,
1757 1770 2229 1866 ἐρευγομένης
2259 1761 2433 1849 ἁλός
2474 1769 2621 1849 ἔξω

376 1872 517 1941 Hic
558 1873 1004 1942 Thierschius
1047 1896 1120 1965 p.
1158 1872 1280 1941 20.
1321 1869 1642 1970 βεβρύχῃ
1688 1872 1834 1964 legi
1868 1874 2105 1941 iubens
2148 1893 2305 1962 cum
2332 1871 2626 1941 Aristar-

377 1976 518 2046 cho
533 2024 555 2062 ,
621 1976 810 2046 hunc
851 1977 1166 2046 festinans
1213 1988 1559 2047 auctorem
1614 1977 1983 2046 nominavit
2040 1976 2384 2061 lectionis}
2452 1997 2632 2064 quae

374 2079 849 2172 Aristophanis
893 2089 1057 2150 erat.
1159 2079 1587 2150 Aristarchus
1652 2080 1831 2149 enim
1846 2128 1867 2166 ,
1938 2081 2219 2171 opinor,
2285 2078 2631 2171 intellige-

375 2183 535 2268 bat,
586 2186 947 2281 βέβρυχεν
989 2184 1248 2255 dictum
1294 2194 1644 2276 oportere,
1696 2194 1773 2252 ut
1823 2183 1913 2252 de
1961 2207 2071 2269 re,
2122 2206 2302 2272 quae
2339 2205 2479 2251 non
2520 2184 2629 2249 in-

373 2286 648 2358 terdum
671 2335 692 2371 ‚
748 2286 873 2355 sed
924 2297 1263 2380 perpetuo
1304 2289 1517 2358 fieret.
1624 2286 2071 2357 Coniunctivo
2097 2310 2255 2355 usus
2287 2296 2403 2356 est
2416 2295 2631 2378 poeta

375 2389 448 2458 in
491 2390 694 2462 simili
740 2392 944 2478 loco,
998 2399 1054 2474 ξ.
1099 2390 1222 2460 16.
1283 2419 1375 2473 ως
1415 2387 1484 2466 δ’
1527 2389 1654 2464 ὅτε
1702 2384 2042 2520 πορφύρῃ
2099 2391 2402 2481 πέλαγος
2438 2391 2627 2517 μέγα

377 2520 655 2588 κυματι
694 2494 951 2589 κωφῷ,
1024 2489 1429 2588 ὀσσόμενον
1472 2494 1726 2585 λιγέων
1777 2491 2066 2587 α’νέμων
2127 2486 2459 2587 λαιψηροὶ
2502 2492 2628 2565 κε’-

375 2598 659 2671 λευθαε
733 2596 876 2669 hoc
921 2599 1102 2666 enim
1158 2620 1297 2667 non
1343 2599 1422 2665 fit
1473 2619 1764 2688 semper.
1886 2596 2030 2665 Sed
2092 2618 2232 2664 non
2274 2604 2373 2663 est
2423 2617 2627 2685 prae-

373 2700 778 2769 tereundum
826 2701 1013 2770 aliud
1057 2725 1273 2794 genus
1324 2701 1911 2792 comparationum
1924 2747 1946 2785 ,
2011 2699 2203 2789 quod
2274 2698 2393 2768 etsi
2435 2720 2629 2768 com-

373 2807 935 2874 memorationem
965 2807 1263 2875 continet
1289 2807 1389 2876 rei
1433 2805 1828 2874 transeuntis
1842 2853 1864 2890 ‚
1915 2813 2143 2872 tamen
2172 2804 2319 2871 iure
2362 2801 2453 2870 ad
2480 2803 2629 2870 illas

377 2907 702 2995 refertur,
755 2910 996 3000 quibus
1021 2932 1421 3000 permanens
1460 2919 1662 2977 status
1692 2908 2112 2981 describitur.
2217 2908 2395 2975 Nam
2418 2928 2631 2995 quum

375 3011 529 3100 quis
568 3012 735 3101 quid
770 3022 1001 3104 potest
1029 3014 1293 3099 facere,
1347 3013 1421 3081 id
1465 3014 1524 3081 si
1555 3012 1759 3097 facit,
1811 3012 2071 3081 factum
2120 3019 2221 3080 est
2252 3010 2722 3103 singulare310

373 3136 589 3204 quum
632 3126 859 3186 autem
902 3139 1041 3186 non
1081 3126 1348 3207 potest,
1430 3116 1486 3184 is
1532 3124 1902 3207 perpetuus
1952 3124 2055 3183 est
2111 3125 2181 3184 et
2229 3136 2632 3205 permanens

372 3227 614 3288 status:
678 3222 1088 3309 omninoque
1134 3222 1494 3312 negativae
1551 3220 1915 3287 sententiae
1958 3240 2096 3286 ιιοιι
2142 3217 2396 3306 ubique
2441 3240 2631 3288 eam-

374 3319 537 3390 dem
554 3370 576 3408 ,
645 3325 853 3414 quain
907 3324 1348 3394 affirmativae
1362 3372 1384 3410 ,
1459 3324 1792 3396 rationem
1852 3322 2131 3392 habent.
2249 3322 2357 3390 Ita
2393 3323 2467 3390 in
2522 3319 2631 3387 his

373 3424 574 3495 locis.
627 3453 690 3499 σ.
734 3426 907 3496 161.
951 3454 1042 3508 ως
1075 3423 1144 3501 δ
1204 3422 1356 3502 οἷπό
1409 3420 1748 3518 στόματος
1802 3424 1972 3499 οὔτι
2029 3420 2272 3499 λέοντ’
2335 3426 2629 3498 αἴθωνα

371 3522 730 3603 δύνανται
777 3533 1120 3625 ποιμένες
1181 3530 1536 3628 ἄγραυλοι
1600 3532 1791 3622 μέγα
1831 3521 2245 3602 πεινάοντα
2311 3527 2626 3601 ‹il-soom

368 3657 437 3722 χ.
503 3630 709 3702 199.
743 3662 835 3716 ως
892 3631 965 3709 δ’
1034 3661 1113 3707 εν
1175 3630 1432 3758 ὀνείρῳ
1495 3659 1586 3706 ου
1652 3626 1963 3707 δύναται
2000 3624 2411 3756 φεύγοντα,
2445 3623 2627 3702 διιό-

367 3733 719 3826 σιειν,οὑ’τ’
799 3735 928 3836 ἄρ
1014 3735 1061 3810 6
1114 3731 1252 3811 τόν
1335 3732 1648 3814 δυναται
1732 3759 2216 3833 υποφευγειν,
2317 3727 2501 3807 οὔθ
2583 3731 2630 3804 6

370 3832 802 4012 διώκεῖῗθιιίο
846 3943 937 4011 ad
981 3945 1254 4014 tertium
1298 3969 1514 4038 genus
1533 3993 1555 4030 ‚
1604 3942 1797 4033 quod
1830 3950 1930 4011 oet
1968 3962 2205 4011 eorum
2224 3987 2247 4025 ‚
2299 3919 2477 4029 quae
2514 3961 2630 4008 so-

368 4044 518 4113 lent
550 4047 723 4115 fieri.
826 4049 990 4118 Hoc
1041 4071 1319 4139 quoque
1365 4049 1804 4119 indicativum
1856 4046 2176 4138 postulat.
2294 4043 2494 4112 Iliad.
2554 4050 2626 4137 β.

360 4145 495 4217 87
546 4145 727 4249 ηὐτε
773 4150 999 4224 ἔθνεα
1044 4150 1187 4227 εἶσι
1235 4147 1649 4248 μελισσάων
1698 4144 2039 4225 οἷδινοῖων.
2142 4147 2250 4217 Ita
2291 4170 2457 4218 cum
2509 4170 2629 4215 ea-

310 4250 530 4320 dem
571 4255 912 4346 particula
945 4283 1009 4349 γ.
1055 4254 1128 4325 3.
1179 4278 1339 4327 cum
1378 4284 1469 4338 ως
1515 4283 1575 4328 ε.
1611 4253 1789 4322 499.
1839 4283 1889 4327 ι.
1936 4253 2009 4323 4.
2058 4279 2132 4324 π.
2165 4246 2341 4320 765.
2392 4275 2469 4345 φ.
2507 4247 2629 4317 22.

364 4353 506 4425 od.
537 4385 607 4431 τ.
647 4354 820 4427 205.
872 4385 938 4431 υ.
976 4359 1096 4429 14.
1146 4382 1306 4431 cum
1351 4358 1626 4441 ωςτεδ.
1664 4356 1841 4427 433.
1886 4385 1968 4451 μ.
2008 4354 2182 4424 278.
2229 4382 2290 4429 ν.
2332 4352 2507 4422 703.
2553 4380 2626 4425 π.

361 4456 539 4537 633.
590 4488 660 4559 ρ.
697 4458 868 4532 755.
917 4461 1057 4537 Od.
1109 4492 1174 4537 ν.
1222 4463 1344 4533 81.
1396 4487 1694 4545 cum-mc
1728 4459 1856 4537 ὅτε
1894 4462 1973 4531 ll.
2016 4469 2088 4556 β.
2124 4458 2297 4528 210.
2329 4484 2411 4551 μ.
2448 4451 2625 4524 451.
