3325 5317
953 444 1416 510 MENSVRA
1472 447 2622 539 RHYTHMICA.119

388 619 564 689 134.
616 616 663 716 ἦ
701 618 840 713 μέν
863 645 1015 741 γαρ
1059 612 1251 739 πεζη
1264 619 1443 702 λέξις
1493 613 1785 726 οὐδενός
1823 618 1994 695 οὔτε
2040 613 2404 715 ὀνόματος
2447 619 2622 695 οὔτε

386 718 714 823 ῥήματος
745 716 1083 816 βιάζεται
1111 715 1294 846 τούς,
1311 715 1637 842 χρόνους,
1691 719 1859 796 οὐδὲ
1885 722 2398 847 μετατίθησιν,
2449 719 2623 810 α’λλ,

388 833 547 917 οἵας
597 823 994 946 παρείληφε
1039 823 1136 922 τῇ
1176 849 1396 948 φυσιι
1435 851 1566 907 τας
1599 821 1994 947 συλλαβας,
2036 818 2174 907 ,τοὶς
2218 853 2302 900 τε
2340 852 2625 948 μακρας

346 930 508 1003 -ιιαὶ
546 956 680 1010 τας
720 926 1100 1048 βραχείας,
1167 919 1524 1008 τοιαύτας
1568 920 2001 1048 φυλάττει·
2042 925 2090 1025 ἦ
2148 927 2265 1002 δὲ
2292 916 2622 1046 ῥυθμικῆ

386 1031 511 1106 καὶ
573 1023 894 1127 μουσική
954 1022 1542 1153 μεταβαλλουσιν
1607 1023 1836 1112 αὐτας
1896 1031 2244 1123 μειοῦσαι
2307 1029 2430 1104 καὶ
2489 1058 2624 1105 αυ-

387 1134 686 1223 ἐοῦσαι,
788 1129 961 1214 ὤςτε
1023 1124 1363 1213 πολλάκις
1429 1135 1529 1214 οἷς
1586 1128 1947 1207 τοῖναντία
1990 1138 2478 1258 μεταχωρεῖν·
2533 1129 2626 1209 οὗ

385 1263 530 1335 γαρ
585 1241 746 1316 ταῖς
789 1226 1178 1330 συλλαβαῖς
1234 1228 1736 1309 ἀπευθύνουσι
1793 1262 1966 1317 τους
2020 1230 2366 1334 χρόνους,
2436 1228 2628 1311 ἄλλα

383 1346 544 1421 τοῖς
587 1333 877 1436 χρόνοις
911 1364 1045 1419 τας
1075 1330 1453 1431 συλλαβας.
1557 1337 1668 1407 Ex
1709 1338 1954 1427 quibus
1992 1339 2339 1433 aestimari
2376 1345 2626 1431 potest,
2688 1434 2693 1438 .

385 1465 527 1515 nou
544 1440 642 1510 ita
665 1439 948 1533 planum
981 1464 1150 1527 esse,
1191 1462 1370 1530 quae
1393 1440 1806 1511 musicorum
1831 1465 2266 1513 numerorum
2290 1465 2453 1514 cum
2477 1464 2628 1512 me-

383 1548 506 1615 tris
537 1554 897 1637 poetarum
923 1543 1333 1616 consociatio
1378 1544 1583 1614 fuerit
1621 1554 1826 1636 atque
1853 1546 2310 1617 communitas.
2363 1528 2628 1632 Quam-

385 1672 596 1740 quam
638 1647 819 1717 male
859 1649 1250 1742 abuteretur
1287 1648 1412 1716 ista
1447 1647 1753 1739 Dionysii
1793 1650 2261 1721 observatione
2276 1696 2299 1737 ‚
2376 1650 2499 1740 qui
2544 1672 2629 1718 ea

384 1754 500 1825 vel
574 1751 647 1820 iu
721 1751 950 1821 metris
1027 1751 1084 1818 si
1174 1750 1344 1841 quid
1421 1752 1741 1822 vitiosum
1808 1762 1940 1839 est,
2019 1762 2406 1827 excusatum
2475 1750 2628 1841 iret,

385 1857 499 1928 vel
562 1855 851 1925 musicos
915 1875 1229 1923 numeros
1283 1875 1422 1923 non
1474 1864 1747 1951 putaret
1811 1856 2039 1948 aliqua
2087 1866 2318 1927 tamen
2370 1855 2635 1947 ratione

388 1982 550 2032 cum
598 1957 890 2029 metricis
943 1957 1348 2027 convenisse.
1449 1959 1812 2029 Praeterea
1853 1983 2017 2031 vero
2064 1984 2108 2031 a
2147 1958 2519 2031 Plutarcho
2560 1958 2633 2027 in

368 2065 564 2153 ¹libro
621 2061 713 2131 de
755 2060 1012 2130 musica
1055 2082 1119 2131 c.
1160 2058 1282 2129 28.
1328 2083 1400 2153 p.
1447 2059 1672 2130 114⁰.
1727 2062 1810 2130 F.
1861 2060 2088 2132 1141.
2153 2065 2240 2135 A.
2292 2062 2630 2154 quaedam

388 2172 960 2237 commemoratur
1010 2166 1108 2244 εἰς
1159 2156 1329 2245 τούς
1371 2159 1507 2256 οὐχ
1550 2161 1920 2258 ὁμογενεῖς
1951 2159 2285 2264 ρὐθμοιῖς
2321 2169 2628 2253 ἔντασις,

389 2293 567 2361 quae
615 2290 824 2359 quam
880 2267 1019 2337 vim
1085 2265 1402 2336 habuerit
1417 2315 1440 2353 ,
1530 2268 1774 2337 melius
1831 2269 2125 2341 fortasse
2192 2269 2629 2361 intelligetur,

388 2396 601 2464 quum
642 2368 958 2461 exempla
974 2419 997 2457 ,
1037 2392 1242 2467 ‘quae
1282 2369 1379 2439 ibi
1409 2369 1624 2455 ,allata
1676 2379 1866 2459 sunt,
1938 2372 2362 2462 maximeque
2400 2390 2630 2465 paeon

390 2477 701 2570 epibatus
715 2523 738 2563 ‚
792 2475 1161 2566 explicatus
1190 2471 1428 2559 fuerit,
1479 2473 1571 2543 de
1605 2496 1746 2564 quo
1786 2475 1974 2567 pede
2000 2497 2177 2567 quae
2208 2477 2305 2545 ab·
2336 2473 2630 2553 Aristide

390 2579 638 2653 tradita
686 2587 837 2647 sunt
851 2625 875 2663 ‚
940 2585 1010 2647 et
1049 2598 1282 2647 secum
1318 2577 1468 2668 ipsa
1483 2616 1526 2663 ,⁴
1560 2584 1627 2645 et
1669 2600 1827 2648 cum
1872 2578 1953 2647 iis
1968 2626 1992 2665 ‚
2058 2601 2237 2669 quae
2285 2600 2492 2670 supra
2527 2580 2630 2646 'ex

365 2684 796 2755 'Aristoxeno
824 2679 915 2750 de
949 2687 1269 2770 quattuor
1309 2679 1572 2775 pedum
1616 2678 1937 2779 σημείοις
1959 2683 2318 2752 attulimus
2314 2729 2339 2768 ‚
2382 2680 2631 2751 uden-

391 2797 501 2857 tur
524 2808 871 2904 pugnare..
960 2782 1106 2853 Sed
1150 2782 1389 2873 quiqui
1426 2783 1677 2853 fuerint
1716 2785 1979 2854 numeri
2005 2786 2242 2856 musici
2256 2834 2280 2872 ‚
2331 2786 2449 2876 qui
2477 2780 2631 2852 Do-

390 2891 503 2960 riis
552 2891 694 2959 istis
762 2887 1048 2982 epitritis
1108 2888 1512 2977 aptabantur
1527 2936 1550 2974 ‚
1630 2885 1776 2958 hoc
1836 2897 2063 2958 tamen
2113 2911 2197 2959 ex
2260 2888 2339 2957 iis
2355 2936 2378 2974 ,
2454 2909 2633 2977 quae

388 2993 874 3086 disputavimus
888 3039 912 3079 ‚
968 2989 1157 3060 effici
1193 2989 1496 3077 videtur,
1543 2990 1992 3083 posteriorem
2023 2991 2302 3084 pedem
2314 3013 2455 3059 nou
2483 2999 2633 3059 tro-

388 3097 687 3171 chaeum
722 3090 1178 3165 irrationalem
1195 3141 1219 3181 ‚
1268 3092 1552 3189 fortasse
1589 3118 1678 3163 ne
1708 3095 2087 3187 spondeum
2110 3095 2392 3187 quidem
2433 3101 2633 3184 quat-

386 3211 545 3273 tuor
586 3210 976 3294 temporum
991 3244 1014 3283 ‚
1067 3195 1188 3265 sed
1238 3196 1625 3290 longiorem
1665 3199 2057 3291 quempiam
2099 3198 2354 3294 pedem
2404 3196 2631 3269 fuisse·

391 3306 592 3392 Quae
637 3303 809 3381 ratio
859 3303 915 3370 si
964 3323 1126 3370 vera
1169 3310 1268 3369 est
1283 3348 1306 3389 ‚
1369 3311 1612 3393 sponte
1661 3302 2097 3395 intelligitur,
2161 3302 2316 3371 tolli
2359 3301 2634 3397 dubita-

390 3411 647 3479 tionem
662 3455 686 3495 ,
735 3428 943 3496 quam
981 3406 1188 3496 supra
1212 3403 1555 3496 tetigimus
1569 3453 1592 3493 ‚
1643 3404 1996 3497 quomodo
2029 3407 2234 3479 etiam
2276 3412 2430 3497 ante
2460 3402 2634 3489 Cri}-

387 3513 603 3585 ticum
635 3508 1068 3579 ditrochaeus
1109 3529 1240 3600 pro
1273 3508 1543 3600 epitrito
1584 3509 1818 3580 locum
1861 3508 2136 3578 habeat.
2237 3509 2416 3591 Nam
2460 3504 2636 3593 Ore-

389 3616 564 3688 ticus
608 3615 746 3684 iam
800 3612 1076 3682 minime
1123 3610 1248 3705 erit
1287 3611 1603 3681 catalexis
1641 3612 2111 3705 praecedentis
2150 3610 2410 3679 numeri
2423 3655 2448 3694 ‚
2511 3606 2636 3678 sed

391 3720 601 3811 plane
644 3717 816 3786 alius
851 3737 1202 3803 numerus,
1265 3724 1340 3784 ut
1382 3738 1465 3785 ex
1506 3713 1616 3793 his
1656 3715 1979 3786 mensuris
2023 3722 2366 3805 constans»,
2406 3710 2502 3797 2.
2561 3707 2633 3780 1.

395 3821 465 3890 2.
519 3844 607 3892 ex
658 3842 800 3911 quo
857 3818 1213 3901 conficitur
1227 3865 1250 3909 ,
1330 3818 1386 3887 si
1439 3827 1594 3891 ante
1647 3818 1956 3909 dactylos
2020 3825 2135 3903 aut
2166 3814 2635 3905 „choriambos

392 3923 825 3996 ditrochaeus
875 3922 1126 4015 epitriti
1168 3922 1390 3997 vicem
1433 3922 1749 3992 sustinere
1785 3929 2045 4013 potest,
2104 3943 2242 4001 non
2281 3921 2502 3997 minus
2554 3917 2629 3987 id
2640 3925 2735 4009 19·

392 4030 541 4099 fieri
589 4038 744 4099 ante
791 4025 1138 4097 Creticum
1174 4048 1396 4118 posse.
1500 4023 2010 4117 Confirmatque
2063 4048 2223 4097 eam
2266 4046 2414 4094 rem
2454 4025 2630 4093 iusta

394 4139 711 4203 versuum
758 4131 1086 4201 recitatio.
1188 4133 1317 4216 At,
1393 4130 1651 4221 inquiat
1693 4129 1931 4218 aliquis
1944 4176 1967 4215 9
2039 4128 2382 4220 epitritum
2435 4126 2631 4195 istum

394 4257 482 4304 ex
508 4233 840 4311 trochaeo
886 4232 1218 4315 rationali
1239 4243 1308 4302 et
1357 4232 1761 4319 irrationali,
1798 4231 2070 4327 maioris
2100 4240 2362 4301 tantum
2401 4226 2633 4322 gravi-

390 4338 544 4407 tatis
569 4360 834 4426 caussa,
884 4337 1338 4430 compositum
1376 4359 1552 4424 esse,
1605 4359 1690 4417 ex
1729 4359 1814 4405 eo
1856 4335 2098 4431 colligi
2129 4343 2390 4428 potest,
2440 4327 2632 4420 quod

398 4442 604 4535 etiam
645 4444 995 4533 anacrusin
1010 4489 1033 4528 ,
1084 4443 1138 4515 si
1188 4441 1465 4532 quando
1493 4465 1577 4512 ea
1604 4449 1961 4536 usurpatur
1974 4487 1996 4526 ‚
2064 4445 2441 4513 constanter
2477 4434 2632 4502 lon-
