3325 5317
710 468 844 534 ²50
1342 467 1710 529 ΕΣΜΟΣ
1755 468 2327 530 ΜΕΛΙΣΣΗΣ.

715 636 1054 732 gignitur,
1151 638 1244 706 ad
1300 637 1412 722 id,
1488 637 1681 729 quod
1734 637 2064 730 genitum
2088 645 2208 707 est.
2313 637 2525 723 Quod
2579 639 2635 707 si
2686 641 2960 710 omnino

715 765 921 834 apem
950 762 1081 833 pro
1108 742 1313 810 melle
1343 740 1480 809 dici
1511 742 1696 827 licet,
1747 740 1983 830 quidni
2015 740 2216 811 liceat
2251 741 2453 810 etiam
2486 743 2733 811 multas
2774 765 2959 835 apes,

643 899 648 908 .
719 856 834 915 aut
900 867 1180 914 examen
1248 867 1456 934 apum
1470 844 1505 912 Ρ
1592 846 1676 913 In
1725 867 1865 963 quo
1914 845 1973 912 si
2023 846 2268 936 copiae
2307 839 2647 934 quaedam
2697 846 2957 939 signifi-

717 948 896 1019 catio
924 948 1128 1033 inest,
1181 948 1467 1017 latenter
1494 948 1697 1035 inest,
1754 948 1914 1037 quia
1951 968 2089 1037 quo
2130 948 2345 1017 maior
2377 973 2585 1041 apum
2624 973 2956 1035 ιιιιιιιειιιε,

715 1061 902 1121 tanto
954 1051 1170 1120 maior
1203 1052 1404 1121 etiam
1455 1052 1674 1121 mellis
1725 1053 1947 1142 copia.
2051 1052 2262 1142 Atqui
2304 1053 2449 1143 apis
2493 1053 2766 1122 nomine
2817 1054 2966 1127 sine.

716 1155 1111 1328 ἓιζίἰιειιιιιιὸιιόιι
1162 1155 1428 1226 offensu
1476 1155 1569 1225 de
1617 1157 1820 1224 melle
1869 1177 2022 1223 usus
2071 1166 2169 1224 est
2219 1155 2610 1248 Sophocles
2658 1158 2729 1224 in
2777 1155 2951 1227 Oed.

927 1416 1013 1486 Ο
1080 1410 1219 1484 τοῦ
1269 1404 1485 1485 τόνδε
1541 1403 1816 1509 πλήσας
1866 1411 2025 1504 2903,-
2076 1409 2364 1506 δίδασκε
2407 1411 2529 1486 καὶ
2571 1406 2768 1489 τόδε.

923 1519 1025 1590 X.
1078 1513 1386 1605 ὕδατος,
1437 1513 1809 1613 μελίσσης·
1861 1508 1969 1612 μή
2022 1515 2099 1588 δὲ
2130 1517 2557 1614 προςφέρειν
2596 1518 2819 1609 μέθυ.

717 1670 914 1756 Quae
971 1690 1185 1757 quum
1248 1668 1350 1735 ita
1409 1668 1571 1755 sint,
1633 1667 1729 1738 sie
1779 1668 2202 1736 statuendum
2257 1668 2422 1754 erit,
2500 1669 2704 1737 etiam
2766 1667 2958 1759 apud

621 1780 709 1842 13
723 1772 1090 1863 Epinicum
1123 1764 1348 1861 ἑσμόν
1385 1769 1764 1865 μελίσσης,
1828 1781 1903 1837 ιιι
1943 1772 2229 1870 ubique,
2284 1794 2563 1840 examen
2611 1794 2819 1863 apum
2863 1772 2952 1838 si-

713 1876 1075 1967 gnificare:
1141 1872 1258 1960 qui
1296 1871 1351 1941 si
1394 1871 1599 1941 dulce
1651 1873 1792 1941 mel
1840 1872 2044 1942 dulce
2087 1897 2366 1943 examen
2399 1876 2764 1944 iracundae
2809 1876 2952 1965 apis

712 1976 1017 2061 vocavit,
1078 1968 1296 2067 ἑσμός
1334 1975 1647 2068 proprie,
1700 1977 2016 2045 translate
2053 1987 2277 2047 autem
2320 1980 2630 2070 μέλισσα
2676 1978 2950 2047 dicitur:

713 2104 892 2172 quae
922 2078 1265 2148 translatio
1300 2081 1354 2147 si
1381 2102 1510 2149 nec
1536 2080 1772 2148 vitiosa
1807 2103 2031 2170 neque
2074 2082 2380 2149 inusitata
2412 2091 2544 2165 est,
2598 2081 2951 2149 coniuncta

710 2195 998 2273 utraque
1061 2203 1233 2249 voce
1291 2181 1466 2251 nihil
1516 2181 1640 2251 nisi
1701 2184 2239 2275 magnificentior
2293 2184 2470 2253 haec
2522 2194 2620 2253 est
2682 2197 2751 2253 et
2797 2205 2952 2254 cum

631 2312 638 2321 ’
711 2288 1009 2379 quadam
1044 2285 1290 2377 copiae
1336 2285 1827 2378 significatione
1877 2289 2262 2358 consociata
2291 2288 2511 2356 mellis
2553 2288 2951 2379 descriptio:

712 2416 892 2483 quae
964 2391 1017 2459 si
1055 2391 1149 2458 ·in
1205 2412 1282 2459 re
1340 2390 1537 2484 gravi
1592 2398 1916 2482 usurpata
1974 2402 2182 2481 esset,
2265 2403 2343 2460 ut
2398 2390 2518 2461 ubi
2572 2392 2958 2483 Aeschylus

710 2499 782 2565 in
831 2494 1049 2564 Persis

918 2648 1047 2746 τῆς
1099 2642 1640 2746 ἀνθεμουργοῦ
1672 2611 1964 2744 στάγμα
2016 2649 2357 2747 παμφαὲς
2404 2650 2574 2745 μέλι

713 2809 1204 2877 commemorat
1218 2849 1239 2886 ‚
1306 2801 1697 2871 laudaretur
1752 2803 2065 2884 fortasse;
2128 2826 2306 2874 nunc
2348 2813 2573 2873 autem
2590 2854 2611 2893 ‚
2667 2801 2766 2873 ad
2806 2823 2949 2871 rem

714 2908 959 2977 exilem
1022 2905 1328 2973 adhibita
1342 2954 1364 2992 ,
1442 2906 1830 2976 snbtumida
1881 2917 1982 2976 est
2046 2916 2114 2976 et
2171 2930 2352 2999 pene
2410 2907 2731 2992 ridicula,
2795 2906 2952 2975 licet

668 3010 826 3106 rel
892 3009 987 3079 sic
1051 3010 1269 3078 minus
1330 3008 1934 3101 reprehendenda,
2022 3031 2230 3101 quam
2296 3033 2505 3100 quem
2571 3011 2642 3077 in
2708 3008 2951 3078 eadem

711 3111 1223 3205 Mnesiptolemi
1286 3114 1588 3182 oratione
1655 3114 1961 3182 videmus
2024 3115 2333 3210 γέροντα
2403 3106 2725 3203 Θάσιον,
2791 3135 2951 3181 vere

709 3216 909 3285 illum
955 3216 1083 3284 isto
1135 3214 1326 3304 quod
1375 3239 1579 3309 supra
1625 3218 1824 3310 tetigi
1874 3217 2036 3286 vitio
2075 3218 2517 3285 laborantem.
2974 3225 2980 3236 ’

920 3418 1283 3490 Caeterum
1333 3419 1419 3488 ad
1472 3423 1758 3492 verbnm
1808 3415 2024 3515 ἕσμός
2066 3422 2254 3512 quod
2287 3424 2555 3507 attinet,
2603 3420 2683 3490 id
2710 3422 2764 3489 si
2793 3443 2947 3494 cum

711 3524 850 3594 leni
909 3524 1145 3617 spiritu
1184 3524 1523 3610 scribitur,
1583 3527 1734 3593 usui
1770 3525 1914 3596 hoc
1957 3528 2230 3597 cuidam
2263 3526 2711 3596 'tribuendum
2756 3535 2946 3616 puto,

711 3628 836 3698 sed
886 3629 949 3696 ei
997 3629 1221 3699 nescio
1269 3652 1356 3697 an
1396 3651 1632 3722 pravo.
1749 3632 1906 3699 Non
1954 3630 2129 3699 enim
2182 3630 2628 3701 dubitandum
2680 3630 2948 3698 videtur

639 3716 646 3732 ⁸
709 3733 871 3821 quin
911 3730 1054 3804 hoc
1114 3755 1364 3802 nomen
1413 3757 1456 3800 a
1498 3734 1711 3802 verbo
1760 3739 1884 3820 ἔξω
1941 3733 2316 3804 derivatum
2362 3735 2474 3802 sit
2458 3782 2480 3820 ‚
2545 3732 2735 3823 quod
2783 3754 2947 3823 apes

710 3834 1162 3948 conglobatae
1194 3836 1683 3907 adhaerescere
1712 3837 1961 3905 alicubi
1990 3849 2057 3906 et
2085 3836 2434 3908 considere
2468 3837 2704 3905 solent.
2756 3837 2948 3906 Tan-

708 3946 858 4005 tum
896 3914 1084 4006 abest
1112 3948 1338 4009 autem
1380 3950 1455 4008 ut
1481 3940 1821 4009 Eustathii
1860 3940 2315 4010 testimonium
2346 3941 2712 4059 repudiari·
2719 3939 2946 4024 velim,

709 4049 787 4109 ut
819 4062 1068 4109 nomen
1097 4036 1425 4136 ἄφεσμός
1439 4093 1461 4130 ,
1515 4043 1707 4133 quod
1747 4043 1866 4111 ille
1899 4066 1982 4111 ex
2017 4046 2383 4113 Aristotele
2406 4044 2642 4129 affert,
2693 4044 2764 4111 in
2794 4065 2948 4111 ma-

709 4144 889 4212 xime
926 4145 1232 4235 genuinis
1274 4147 1764 4216 numerandum
1804 4169 2141 4221 censeam.
2248 4148 2461 4234 Quod
2499 4170 2749 4215 nomen
2789 4168 2946 4215 sane

709 4270 849 4318 non
880 4255 1104 4339 potest
1142 4248 1329 4316 idem
1362 4250 1775 4342 significare,
1829 4251 2019 4339 quod
2045 4244 2296 4343 ἑσμόςι
2343 4239 2582 4321 verum
2609 4250 2943 4343 significat

663 4341 667 4348 ’
711 4354 919 4422 etiam
939 4350 1142 4419 aliam
1162 4373 1334 4422 rem.
1436 4354 1670 4422 Verba
1709 4354 2083 4440 Aristotelis
2119 4355 2238 4425 IX.
2268 4356 2392 4443 27,
2443 4354 2513 4423 6.
2560 4354 2744 4423 haec
2769 4362 2945 4423 sunt:

714 4462 787 4528 οἱ
820 4455 898 4530 δὲ
936 4459 1257 4550 βασιλεῖς
1289 4450 1381 4530 οὗ
1420 4459 1774 4532 πέτονται
1811 4457 1980 4548 ἔξω,
2033 4451 2163 4534 ἑοῖν
2206 4454 2315 4560 μή
2356 4452 2554 4558 ,tamti
2597 4456 2772 4535 ὅλου
2804 4455 2945 4531 τοῦ
