3325 5317
709 470 1558 539 TETRALOGIARVM
1611 468 2273 541 TRAGchRvM.
2476 474 2617 543 ⁸1⁵

370 647 1189 740 Oedipusnominentnr,
1240 646 1383 719 ver-i
1418 645 1639 719 simile
1686 654 1821 732 est,
1885 646 1982 717 ita
2021 668 2137 715 eas
2168 668 2305 715 nna·
2344 645 2619 740 trilogia

368 752 761 825 coniunctas
796 751 1027 838 fuisse,
1076 761 1155 823 nt
1176 751 1429 823 Laium
1450 748 1790 846 Oedipus,
1824 748 2492 843 OedipnmSeptem
2524 749 2617 821 ad
2683 842 2686 845 Ι

367 856 658 928 Thebas
700 855 1110 949 exciperent.

565 1059 737 1133 Plus
773 1060 1037 1154 negotii
1072 1060 1240 1133 facit
1286 1055 1756 1131 Prometheus.
1857 1058 2036 1131 Nan
2084 1082 2295 1150 qurum
2345 1065 2619 1150 praeter

368 1162 864 1235 Prometheum
899 1158 1273 1261 δεσμωτην
1307 1170 1923 1235 commemor-entur
1953 1158 2363 1260 πυρφόρος,
2418 1187 2618 1257 πῦρ-

368 1260 625 1356 mdc,
668 1260 1072 1359 λυόμενος,
1139 1268 1210 1337 in
1240 1265 1515 1339 diversa
1556 1265 2002 1337 discesserunt
2057 1266 2182 1336 viri
2234 1265 2455 1349 docti,
2504 1264 2621 1335 alii

370 1379 507 1447 tres
548 1320 1000 1443 P’rometheos
1058 1370 1150 1440 ab
1186 1369 1554 1460 Aeschylo
1611 1368 1900 1459 scriptos
1953 1392 2120 1443 esse
2154 1370 2620 1454 existimantes,

374 1472 492 1542 alii
518 1481 857 1562 quattuor.
958 1473 1251 1564 ‘Atque
1231 1494 1301 1542 ιιι
1330 1473 1437 1545 his
1466 1472 1596 1545 fuit
1631 1472 1722 1542 Τ.
1746 1471 2303 1542 Hemsterhusius
2332 1471 2423 1541 ad
2448 1471 2619 1540 Pol-

371 1576 597 1651 lucem
633 1575 760 1647 IX.
806 1569 980 1644 156.
1079 1576 1225 1649 Sed
1256 1576 1375 1649 hinc
1418 1574 1589 1644 illud
1622 1584 1883 1645 tantum
1905 1576 2265 1668 spectavit„
2318 1577 2373 1644 si
2413 1583 2618 1664 quat-

371 1687 532 1748 tuor
572 1679 702 1747 sint
751 1677 1061 1763 fabulae,
1134 1702 1408 1748 omnem
1455 1680 1535 1748 iis
1580 1678 1933 1749 historiam
1990 1677 2384 1749 Promethei
2442 1700 2615 1748 cou-

372 1780 605 1853 tineri:
653 1802 794 1851 non
833 1782 1161 1874 cogitavit
1202 1784 1404 1852 etiam
1419 1824 1442 1867 ‚
1491 1781 1561 1850 in
1606 1781 1833 1852 indice
1871 1782 2258 1853 fabularum
2290 1780 2620 1872 Aeschyli

373 1893 510 1954 tres
532 1893 794 1953 tantum
841 1887 1392 1967 commemorari3
1443 1878 1828 1979 πυρφόρον
1865 1895 1934 1954 et
1977 1887 2300 1982 πυρκαέα
2342 1885 2617 1955 nomina

374 2011 522 2061 esse
561 1987 739 2057 adeo
771 1988 1009 2057 similia
1027 2036 1049 2074 ,
1097 1998 1175 2056 ut
1216 1988 1540 2060 facillime
1579 1988 1772 2056 nnius
1810 1987 2083 2061 fabulae
2125 1989 2621 2080 appellationes

370 2113 521 2161 esse
547 2091 923 2183 potuerint3
975 2085 1357 2191 πυρφόρον
1401 2091 1609 2159 semel
1658 2099 1921 2163 tantum
1964 2092 2152 2161 citari
2170 2141 2191 2177 ‚
2212 2132 2218 2139 -
2242 2093 2495 2182 quique
2533 2113 2619 2161 ex

375 2214 466 2264 eo
528 2194 918 2286 proferatur
968 2216 1230 2282 versus,
1302 2216 1464 2265 eum
1508 2192 1683 2267 nihil
1738 2192 1829 2263 de
1881 2204 2286 2286 argumento
2343 2194 2619 2265 fabulae

374 2295 711 2391 prodere3
777 2296 1107 2386 denique,
1171 2300 1228 2366 si
1269 2297 1628 2390 tragoedia
1692 2295 1838 2368 hoc
1877 2299 2152 2369 nomine
2203 2297 2364 2383 fuit,
2432 2307 2619 2369 certe

377 2421 535 2471 eam
584 2421 724 2469 non
771 2401 1069 2494 potuisse
1112 2423 1270 2473 cum
1321 2399 1737 2475 Prometheo
1783 2401 2005 2471 vincto
2046 2400 2288 2470 eadem
2334 2401 2620 2493 trilogia

378 2503 806 2575 coniunctam
826 2527 1014 2573 esse.
1117 2505 1305 2576 Huic
1328 2505 1529 2577 ‘enim
1559 2505 1815 2578 nullam
1848 2505 1939 2575 de
1970 2503 2387 2574 Prometheo
2417 2506 2621 2575 aliam

375 2606 685 2679 fabulam
724 2608 1191 2700 praecessisse,
1228 2608 1439 2684 illud-
1480 2608 1919 2681 certissimum
1966 2615 2437 2701 argumentu‘m
2493 2617 2619 2697 est,

311 2708 572 2801 fquod
624 2711 697 2777 in
740 2733 837 2781 eo
898 2711 1449 2804 diligentissime,
1521 2732 1644 2781 cur
1689 2714 1947 2784 vinctus
2001 2713 2085 2782 sit
2147 2711 2619 2809 Prometheus,

379 2812 756 2906 exponitur.
858 2814 1232 2905 sequutum
1256 2838 1421 2891 ‚vero
1467 2830 1615 2889 esse
1657 2817 1860 2887 aliam
1879 2864 1901 2902 ‚
1951 2839 2090 2884 non
2116 2817 2332 2887 minus
2359 2826 2622 2893 eertum

379 2927 513 3003 est,
564 2940 781 3008 quum
824 2918 1123 2989 solutum
1169 2943 1242 2989 se
1275 2920 1358 2989 iri
1402 2920 1552 3012 ipse
1590 2919 1709 2987 ille
1752 2920 1822 2989 in
1854 2919 2135 2990 vinculis
2169 2920 2619 2989 Prometheus
2679 2978 2684 2983 ,

379 3020 605 3107 dicat,
648 3044 879 3110 neque
923 3024 1020 3091 ita
1059 3046 1141 3091 ea
1189 3022 1424 3092 fabula
1467 3023 1767 3112 finiatur,
1827 3034 1904 3093 ut
1948 3046 2119 3108 non,
2186 3022 2353 3112 quid
2403 3040 2618 3115 porro

378 3125 684 3197 futurum
724 3125 850 3210 sit,
910 3135 1322 3219 spectatores
1386 3126 1743 3215 requirant.
1809 3126 2031 3213 'Quin
2086 3126 2479 3197 scholiastes
2525 3123 2620 3194 ad

379 3250 445 3298 v.
488 3223 665 3297 510.
724 3229 947 3298 verbis
998 3230 1285 3301 minime
1323 3228 1547 3301 dubiis
1595 3231 1964 3322 significat,
2037 3240 2392 3322 exceptam
2436 3230 2620 3303 hane

374 3304 690 3403 fabulam
727 3356 870 3403 esse
911 3357 953 3401 a
990 3332 1409 3405 Prometheo
1439 3333 1698 3411 soluto:
1749 3328 2022 3409 λύεται.
2042 3328 2206 3430 γάρ
2218 3339 2294 3408 ἐν
2325 3334 2433 3429 τῷ
2466 3331 2620 3428 ἑξῆς

380 3426 732 3529 δράματι.
824 3435 980 3505 Sed
1009 3438 1148 3508 sive
1173 3440 1494 3530 primum,
1545 3438 1685 3507 sive
1712 3438 2129 3509 secundnm
2110 3461 2179 3505 ιιι
2205 3437 2481 3528 trilogia
2507 3436 2621 3502 lo·-

382 3558 543 3609 cum
601 3535 841 3605 habuit
906 3538 1164 3609 vinctus
1226 3540 1715 3627 PrometheuS,
1779 3562 1917 3615 non
1983 3540 2418 3612 mediocriter
2482 3537 2620 3609 hae

382 3639 565 3710 duae
628 3639 906 3709 fabulae
955 3643 1371 3717 labefactare
1414 3645 1884 3719 coniecturam
1948 3653 2243 3713 nestram
2287 3641 2650 3733 videntne„

382 3764 473 3814 eo
489 3792 512 3830 ,
562 3744 791 3834 quod,
841 3756 1168 3834 qmntum
1216 3769 1300 3816 ex
1342 3748 1740 3841 fragmentis
1782 3747 2053 3817 alterius
2097 3746 2335 3838 colligi
2374 3754 2622 3836 potest,

383 3847 763 3919 simillimae
816 3848 1107 3921 fuerunt.
1224 3850 1307 3919 ln
1363 3862 1648 3940 utraque
1708 3851 1865 3943 rupi
1925 3850 2167 3919 affixus
2225 3851 2625 3921 cernebatur

380 3950 866 4037 Prometheum,
930 3955 1054 4024 nisi
1096 3954 1286 4044 quod
1334 3955 1409 4025 in
1452 3955 1825 4047 posteriore
1869 3954 2069 4022 etiam
2114 3954 2378 4043 aquila,
2445 3977 2634 4044 quae

290 4052 295 4059 ¹
383 4055 452 4122 ei
492 4054 680 4125 iecur
726 4055 1075 4145 exederet,
1160 4057 1561 4129 accedebat.
1649 4058 1733 4131 ln
1782 4066 2070 4155 utraque
2108 4057 2395 4129 chorum
2444 4082 2614 4151 age—
2629 4060 2724 4131 12

382 4157 550 4227 bant
593 4159 688 4226 dii
730 4107 1075 4231 inferioris
1116 4159 1405 4247 ordinis,
1455 4162 1524 4229 in
1552 4162 1783 4253 priore
1819 4154 2238 4247 Ooeanffles,
2287 4163 2357 4230 in
2384 4171 2622 4254 poste-

382 4260 563 4333 riore
598 4262 896 4339 Titanes.
998 4265 1080 4333 In
1119 4274 1403 4354 utraque
1445 4264 1926 4350 Prometheus,
1976 4266 2095 4335 ubi
2133 4265 2381 4336 chorus
2409 4265 2621 4334 adve-

385 4374 611 4452 nerat,
664 4366 755 4447 de
796 4368 1097 4438 cruciatu
1135 4390 1256 4439 suo
1298 4369 1447 4439 fere
1483 4368 1730 4443 eodem
1768 4369 1983 4439 modo
2021 4372 2446 4460 querebatur.
2537 4366 2619 4437 In

387 4478 675 4563 utraque
711 4468 1114 4545 adveniebat
1164 4472 1402 4566 aliquis
1440 4495 1528 4547 ex
1567 4474 1863 4549 heroam
1916 4496 2207 4570 genere,-
2270 4473 2342 4547 in
2386 4470 2621 4567 priore
