3325 5317
1127 459 1805 528 mssnarAi-Io.
1878 497 1885 508 ι
2090 507 2101 518 .
2170 505 2179 514 1
2452 471 2587 568 190

340 644 710 729 congruat,
780 638 889 705 vix
934 638 1243 707 videatur
1276 638 1562 730 intelligi
1599 660 1819 731 posse.
1922 639 2131 724 Quod
2172 641 2228 709 si
2272 638 2448 712 haee
2486 641 2582 730 ita

337 750 491 809 sunt
505 789 526 826 ,
576 743 799 831 prima
839 742 910 809 in
955 740 1468 834 interpretandis
1505 742 1752 811 fabulis
1800 742 1932 811 illis
1963 752 2034 811 et
2071 746 2442 836 praecipua
2466 727 2581 814 r‘e-

333 846 512 937 gula
552 843 730 914 haec
762 868 906 914 esse
939 845 1183 932 debet,
1235 847 1575 914 nomina
1623 847 1987 914 formam
2038 846 2375 917 habere
2422 870 2581 917 no·-

332 948 663 1017 minum
710 949 1314 1041 propriorum,
1386 949 1555 1018 vim
1607 960 1885 1037 autem
1951 959 2037 1018 et
2087 941 2581 1042 significa-

330 1052 661 1120 tionem
727 1052 1515 1145 appellativorum.
1648 1052 1853 1121 Cuius
1909 1053 2190 1145 regulae
2246 1056 2582 1123 'observa—-

328 1156 521 1223 tione
567 1155 667 1223 uti
719 1155 810 1224 de
873 1177 1066 1224 sensu
1119 1156 1395 1225 fabulae
1455 1147 1776 1245 cuiusque
1834 1157 2150 1228 certiores
2207 1149 2578 1245 reddimur,

328 1260 432 1326 ita
487 1282 569 1327 ea
624 1259 827 1328 etiam
873 1259 1061 1329 velut
1114 1279 1249 1327 uno
1303 1260 1444 1328 ictu
1488 1260 1978 1329 inextricabiles
2028 1260 2225 1328 aliter
2266 1262 2580 1330 locorum

327 1371 857 1453 temporumque
906 1364 1445 1431 conturbationes
1501 1361 1785 1446 dirimit,
1856 1362 2188 1451 siquidem
2229 1364 2348 1432 ubi
2394 1364 2579 1454 idem

329 1487 588 1534 nomen
645 1489 785 1534 non
856 1467 1049 1534 unius
1093 1468 1259 1537 certi
1316 1466 1455 1536 loci
1499 1464 1876 1534 hominisve
1924 1487 2173 1535 nomen
2231 1476 2368 1554 est,
2455 1467 2578 1537 sed

330 1569 677 1656 omnium,
745 1592 1035 1660 quorum
1078 1594 1206 1662 par
1249 1578 1364 1637 aut
1400 1569 1629 1637 similis
1674 1569 1973 1640 conditio
2018 1567 2247 1655 fuerit,
2302 1593 2439 1666 non
2478 1579 2579 1639 est

327 1675 616 1764 mirum,
666 1674 858 1743 locos
886 1674 1272 1765 longissime
1302 1672 1596 1758 dissitos,
1649 1673 2092 1762 hominesque
2123 1674 2348 1741 multis
2389 1683 2577 1741 aeta-

324 1777 511 1844 tibus
554 1777 913 1847 disiunctos
958 1778 1204 1845 eodem
1246 1778 1519 1844 nomine
1563 1779 1815 1846 vocari.
1919 1777 2155 1845 Facile
2194 1787 2419 1845 autem
2469 1776 2577 1843 in-

322 1880 693 1973 telligitur,
747 1904 830 1950 ex
873 1881 1008 1949 hac
1035 1880 1279 1971 regula
1317 1881 1520 1947 aliam
1554 1882 1777 1966 nasci,
1830 1903 2006 1969 quae
2031 1880 2207 1948 haec
2246 1890 2374 1948 estt
2425 1902 2578 1947 no-

328 2007 523 2051 men
572 1984 799 2052 idem
861 1983 1234 2052 diversis
1282 1984 1542 2051 rebus
1592 1985 2053 2069 tributum,
2120 1984 2576 2052 confusio-

328 2109 556 2178 nem·
636 2086 1189 2168 fabularum3
1343 2087 2030 2177 explicationem
2133 2086 2575 2154 diversam

330 2190 729 2259 eiusdem
807 2190 970 2276 rei,
1073 2181 1638 2257 varietatem·
1677 2191 2287 2258 narrationum
2364 2210 2576 2281 pro-

326 2293 702 2361 duxisse.
803 2293 947 2376 Ita,
1000 2294 1116 2381 qui
1155 2315 1374 2384 nuper
1412 2292 1773 2385 diligenter
1803 2292 1893 2361 de
1925 2293 2127 2361 rebus
2157 2292 2621 2383 Aegineticis‘l

325 2396 631 2486 scripsit,
684 2395 839 2465 Car.
883 2395 1259 2463 Miillerum
1302 2418 1514 2485 quum
1557 2397 1780 2485 ipsum
1813 2396 2066 2464 insulae
2094 2417 2380 2480 nomen,
2429 2404 2576 2464 tum

325 2509 435 2568 tot
459 2499 691 2584 urbeS,
745 2521 921 2587 quae
963 2501 1207 2590 Aegae
1248 2498 1473 2568 dictae
1517 2509 1705 2588 sunt,
1756 2501 2113 2590 Aegaeum
2158 2521 2380 2582 mare,
2429 2499 2576 2566 Ae-

326 2626 546 2695 gaeus
598 2623 822 2688 mons,
902 2603 1236 2693 Aegaeon
1253 2650 1274 2687 ,
1351 2603 1625 2693 Aegeus
1643 2650 1665 2688 ,
1734 2602 2137 2694 Aegialeus,
2201 2601 2574 2691 AegimiuS,

238 2784 243 2789 ,
323 2709 690 2798 Aegyptus
707 2753 728 2791 ,
813 2705 1085 2794 aliaque
1129 2706 1344 2774 multa
1379 2706 1686 2791 nomina,
1750 2707 1901 2797 ipsa
1941 2704 2235 2793 denique
2288 2704 2576 2796 petulcis

328 2811 671 2879 cornubus
711 2809 1058 2900 insurgens
1073 2857 1095 2895 ,
1145 2832 1324 2899 quae
1352 2808 1586 2877 Iovem
1621 2810 1969 2880 nutrivisse
1994 2808 2207 2877 fertur
2222 2855 2244 2892 ,
2301 2803 2578 2897 capella

329 2913 703 2981 admonere
748 2921 1144 3004 potuerant,
1221 2935 1309 3004 ne
1356 2934 1606 2982 aeneae
1665 2935 1921 3005 caprae
1962 2934 2200 2983 caussa
2249 2911 2573 3005 Αἴγινάν

325 3025 515 3087 recte
543 3016 963 3101 Quassatiam
996 3016 1171 3086 verti
1211 3025 1513 3107 negaret.

489 3219 672 3291 'sed
739 3219 1101 3292 dicendum
1158 3228 1260 3289 est
1319 3218 1614 3310 denique
1677 3220 1878 3288 etiam
1946 3217 2037 3288 de
2105 3217 2575 3290 coniunctione

323 3322 572 3393 harum
636 3325 1021 3393 fabularum
1067 3346 1226 3395 cum
1279 3348 1441 3394 vera
1479 3323 1777 3393 historia.
1891 3323 2002 3391 Ex
2062 3323 2304 3411 quibus
2359 3344 2571 3412 quum

329 3418 564 3520 a'perte
593 3428 967 3498 effloruerit
999 3427 1298 3514 historia,
1350 3428 1636 3499 discerni
1662 3427 1943 3517 quidem
1972 3426 2114 3496 hoc
2153 3434 2380 3518 potest
2415 3446 2570 3494 cer-

324 3532 579 3601 tissimo
614 3532 896 3620 indicio,
947 3532 1137 3619 quod
1178 3534 1507 3624 propriis,
1555 3554 1694 3599 non
1727 3530 2148 3622 appellativis
2189 3519 2567 3597 nominibus

325 3637 567 3721 utitur,
619 3659 875 3724 neque,
928 3635 1118 3723 quod
1152 3636 1580 3728 coniunctum
1607 3657 1767 3703 cum
1790 3634 1926 3701 hac
1954 3655 2031 3702 re
2078 3641 2213 3716 est,
2261 3652 2368 3700 res
2401 3651 2568 3723 per-

324 3750 586 3807 sonatas
639 3739 1045 3809 introducit·
1127 3740 1535 3831 Intelligitur
1578 3745 1804 3804 autem
1860 3735 2001 3804 hoc
2028 3756 2140 3832 „ex
2184 3756 2306 3820 eo,
2366 3731 2565 3823 'quod

322 3844 596 3911 nomina
635 3844 770 3911 iam
814 3842 1090 3910 fortuita
1134 3852 1316 3928 sunt,
1384 3865 1512 3912 nec
1560 3842 1685 3908 nisi
1733 3861 1892 3925 casu
1941 3860 2097 3907 cum
2148 3839 2350 3910 rebus
2401 3836 2567 3928 ipsis

325 3948 749 4020 conveniunt.
852 3945 1108 4014 Verum
1142 3947 1460 4034 quoniam
1502 3968 1639 4013 non
1681 3953 1994 4035 repente,
2044 3942 2166 4011 sed
2208 3942 2565 4035 paullatim

322 4051 504 4124 facta
565 4060 662 4119 est
712 4049 891 4118 haec
950 4049 1264 4118 narrandi
1333 4074 1440 4118 res
1483 4057 1714 4142 gestas
1776 4046 2210 4116 commutatio
2227 4094 2248 4131 ,
2327 4067 2560 4135 quum,

322 4177 498 4244 quae
568 4153 999 4243 antiquissimi
1062 4163 1420 4244 personata
1483 4149 1931 4236 tradiderant,
2011 4172 2149 4218 non
2212 4150 2560 4217 intellecto

324 4259 493 4348 quid
538 4258 666 4326 sibi
705 4257 995 4340 vellent,
1062 4279 1192 4349 pro
1232 4247 1403 4326 veris
1460 4244 1706 4324 haberi
1749 4255 2159 4346 coepissent,
2215 4261 2284 4320 et
2322 4251 2559 4334 modo,

322 4361 801 4430 luxuriantibus
844 4368 1202 4453 poetarum
1248 4361 1562 4453 ingeniis,
1630 4358 1802 4426 mira
1851 4365 2384 4429 commentorum
2434 4361 2559 4420 va-

320 4465 556 4536 rietate
583 4455 992 4560 augerentur
1006 4512 1029 4552 ,
1079 4464 1293 4535 modo
1324 4466 1526 4535 etiam
1569 4484 1731 4535 cum
1773 4485 2001 4533 rerum
2022 4483 2183 4531 vere
2215 4454 2558 4551 gestarum
