3325 5317
1053 456 1056 463 ¹
1155 446 1827 521 msssnu'rlo.
2479 420 2698 518 1333·

225 636 234 643 “
365 620 764 714 Aspricida'z
860 621 1112 717 ἕλλερα
1167 621 1344 693 enim
1410 621 1849 714 grammatici·
1895 616 2133 717 ἐχθρά
2148 677 2177 711 ,
2260 623 2609 715 πολέμια,

365 724 587 800 ἄδικα
632 720 1210 817 interpretantur,
1253 726 1434 796 dicta
1482 750 1524 794 a
1572 726 1785 794 verbo
1842 726 2092 798 ἕλλειν.
2207 725 2444 814 Itaque
2490 725 2612 795 hio

362 837 466 898 est
517 829 794 898 fabulae
835 851 1093 900 sensus:
1173 830 1474 899 exsulem
1520 830 1677 898 navi
1701 828 1977 911 missum
2016 827 2109 895 ad
2148 828 2380 900 locum
2395 875 2427 912 ,.
2488 830 2610 898 ubi

361 932 702 1017 devolutis
758 932 1046 1001 flammis
1112 933 1575 1002 absumeretur
1588 980 1610 1018 ,
1646 1006 1652 1013 ,
1704 939 1985 1023 praeter.
2044 932 2610 1025 exspectationem

360 1037 622 1105 salvum
660 1035 997 1105 mansisse.

571 1187 935 1259 Chimaera
981 1211 1065 1259 ex
1126 1186 1387 1260 Orthro
1445 1189 1722 1282 peperit
1783 1191 1977 1262 Φῖκα
1986 1238 2016 1277 ,
2068 1187 2236 1256 'sive
2290 1181 2607 1280 Σφίγγα,
2649 1214 2657 1220 ·

362 1292 740 1384 Anginam:
810 1291 1003 1382 quod
1033 1300 1165 1379 est,
1218 1303 1408 1363 aestu
1455 1304 1523 1363 et
1565 1294 1761 1361 fumo
1796 1291 2166 1361 suffocatos
2198 1312 2338 1358 esse
2381 1287 2610 1356 homi-

364 1419 522 1477 nes3
572 1395 823 1466 deinde
867 1397 1139 1465 leonem
1191 1401 1631 1492 Νεμειαΐον,
1711 1395 2151 1480 Pabulinum,
2224 1414 2363 1482 quo
2404 1391 2612 1482 pestis
2710 1411 2712 1414 ’

363 1500 813 1592 significatur,
868 1522 950 1568 ex
986 1500 1179 1568 malis
1208 1509 1429 1569 terrae
1470 1510 1743 1569 motum.
1766 1500 2063 1588 sequmis
2089 1505 2262 1566 nata.
2365 1496 2612 1564 Postea
2707 1525 2710 1528 ⁴

366 1602 458 1671 ad
484 1605 816 1672 Nemeam
849 1626 958 1674 res
993 1603 1206 1671 omnis
1238 1614 1310 1672 et
1331 1604 1621 1673 Tretum
1648 1613 1862 1695 atque
1885 1604 2296 1695 Apesantem
2324 1598 2612 1667 transla-
2703 1615 2709 1620 ·

361 1717 469 1791 ta,
536 1730 700 1777 vero
747 1707 1030 1775 fortasse
1083 1708 1303 1776 leone·
1334 1718 1563 1777 ansam
1605 1709 2019 1798 praebente,
2106 1704 2293 1775 cuius
2348 1711 2612 1771 antrum
2660 1706 2667 1711 ’
2706 1726 2711 1731 ·

363 1809 597 1881 adhuc
638 1811 1008 1881 Pausaniae
1051 1833 1261 1892 aevo,
1324 1821 1401 1881 ut
1440 1813 1587 1904 ipse
1616 1811 1827 1880 refert
1867 1810 1955 1879 11.
2000 1803 2124 1893 15,
2166 1808 2236 1875 2.
2281 1814 2615 1877 monstra-

362 1914 581 1985 batur.
639 1948 644 1955 ·

564 2065 878 2158 Denique
923 2064 1100 2141 Ceto
1142 2067 1345 2137 etiam
1387 2068 1581 2136 illum
1632 2065 2002 2167 draconem
2047 2064 2294 2134 dicitur
2332 2061 2613 2132 Phorco

361 2170 743 2263 peperisse,
794 2170 912 2260 qui
936 2192 1147 2260 poma
1177 2154 1638 2262 Hesperidum
1668 2162 1781 2238 cus
1783 2169 2119 2237 todiebat:
2172 2164 2409 2257 quod
2392 2187 2613 2256 rpsum

363 2275 455 2343 de
494 2282 725 2344 monte
761 2273 1108 2365 ignivomo
1134 2322 1156 2359 ,
1226 2284 1296 2343 et
1335 2274 1649 2364 quidem,
1699 2282 1776 2341 ut
1816 2271 2116 2357 videtur,
2170 2270 2262 2338 de
2310 2268 2611 2338 Vesuvio
2666 2303 2672 2309 ·

358 2377 879 2470 intelligendum
930 2400 1073 2445 esse
1088 2429 1110 2466 ‚
1173 2378 1245 2445 in
1290 2386 1616 2469 promptu
1656 2387 1776 2445 est.

561 2527 1016 2598 Enumeratur
1084 2529 1333 2599 deinde
1397 2529 1659 2601 Oceani
1733 2549 2076 2621 propago.
2138 2525 2277 2594 Ei
2321 2508 2612 2631 Tethys,

363 2641 478 2718 ut,
528 2654 707 2722 quae
735 2633 806 2700 in
846 2643 1024 2701 terra
1053 2636 1241 2723 sunt,
1290 2635 1732 2719 nutrirentur,
1782 2633 2064 2702 Fluvios
2094 2628 2385 2722 peperit,
2435 2647 2614 2717 quo-

365 2759 517 2804 rum
547 2737 809 2827 aliquot
841 2737 1142 2807 celebria
1179 2739 1457 2807 nomina
1486 2739 1669 2829 ipse,
1720 2746 1798 2806 ut
1847 2734 2152 2819 videtur,
2207 2733 2296 2801 de
2329 2753 2450 2800 suo
2483 2729 2612 2797 ad·-

365 2840 524 2911 iecit
561 2839 925 2909 Hesiodus.
1041 2842 1282 2909 Porro
1316 2842 1408 2912 de
1461 2851 1565 2910 ter
1609 2842 1798 2910 mille
1850 2840 2115 2907 filiabus
2170 2835 2433 2907 Oceani
2483 2832 2614 2902 ali-

365 2952 535 3033 quot
566 2944 963 3025 nominatim
1005 2943 1410 3030 afferuntur,
1467 2969 1509 3012 a
1552 2938 1811 3013 vetusto
1857 2941 2208 3013 conditore
2239 2958 2611 3029 cosmogo-

363 3049 517 3116 niae
549 3057 892 3138 acceptae.
995 3049 1142 3117 Eae
1171 3045 1520 3139 nymphae
1548 3048 1772 3116 fontes
1823 3046 2183 3129 denotant,
2234 3042 2610 3111 nominibus

366 3173 407 3217 a
443 3159 681 3218 natura
709 3153 1044 3239 cuiusque
1090 3152 1305 3222 ductis
1323 3200 1343 3238 ‚
1410 3152 1480 3220 in
1524 3170 1816 3241 quorum
1860 3149 2305 3242 explicatione
2359 3147 2612 3214 immo-

360 3254 496 3321 rari
555 3253 727 3324 nihil
789 3255 1044 3323 attinet.
1170 3254 1531 3355 Quaedam
1601 3278 1833 3324 earum
1891 3253 2065 3321 infra
2126 3247 2609 3320 memorandae

362 3365 575 3426 erunt.

563 3511 671 3583 Ex
727 3511 1003 3601 reliquis
1051 3511 1406 3582 Titanibus
1444 3508 1543 3584 Y
1531 3508 1893 3607 περιων,
1882 3509 2171 3594 Tollo,
2253 3515 2325 3576 et
2389 3500 2598 3591 Θεία,
2616 3516 2702 3580 15

362 3608 789 3701 Ambulona,
842 3637 1102 3684 creasse
1146 3615 1459 3685 dicuntur
1482 3611 1829 3702 Ἠέλιον,
1881 3606 2254 3708 Σελήνην,
2308 3618 2379 3676 et
2416 3603 2605 3680 Ηω.

364 3719 582 3786 Huius
624 3718 901 3786 fabulae
916 3766 938 3803 ,
989 3718 1178 3807 quod
1228 3719 1319 3786 ad
1359 3718 1597 3786 Solem
1643 3725 1711 3784 et
1755 3716 2023 3783 Lunam
2066 3715 2336 3796 attinet,
2388 3708 2608 3778 facilis

367 3822 734 3912 explicatio
777 3830 896 3890 est.
998 3821 1182 3890 Solis
1219 3843 1468 3890 nomen
1521 3844 1563 3888 a
1604 3818 1943 3888 volvendo
1998 3816 2280 3886 ductum
2315 3759 2606 3896 :ridetun

365 3933 444 3991 ut
483 3926 696 3994 verba
741 3922 967 3998 ἄελλα·
1008 3934 1078 3993 et
1112 3926 1342 3998 ἔλλειν
1387 3921 1773 3992 οειθιιιιιιιιιι
1820 3922 2059 3990 Lunae
2106 3921 2313 4000 σέλας
2350 3939 2602 3988 nomen

364 4028 547 4098 fecit.
650 4027 1019 4097 Difficilior
1056 4021 1258 4108 'Huic
1303 4027 1611 4096 videatur
1648 4047 1925 4095 necesse
1968 4032 2104 4111 est,
2151 4044 2331 4113 quae
2355 4022 2410 4089 si
2433 4044 2603 4113 pro·-

349 4130 514 4222 'prie
541 4132 882 4201 Auroram
927 4130 1362 4223 sigm'ficasset
1376 4179 1397 4216 ,
1449 4130 1696 4198 mirum
1721 4129 2040 4219 profecto
2078 4129 2293 4213 foret,
2345 4126 2603 4194 disiun-

365 4242 549 4305 ctam
591 4237 681 4304 ab
718 4234 885 4303 Sole
899 4281 921 4319 ,
973 4243 1045 4301 et
1080 4242 1158 4301 ιιι
1195 4234 1605 4363 singularem
1655 4231 2053 4302 eorumdem
2107 4232 2466 4323 parentum
2513 4229 2602 4294 fi-

362 4333 530 4407 liam
578 4345 1192 4409 commemoratam
1218 4355 1407 4408 esset
1482 4337 1580 4409 At
1609 4337 1787 4406 enirn
1817 4362 1859 4406 a
1885 4337 2093 4405 verbo
2132 4333 2293 4408 οἴει-ν
2331 4332 2609 4399 derivas*

363 4449 508 4512 tum
540 4464 787 4515 nomen
826 4442 1104 4514 Auram
1109 4440 1562 4534 significabat.
1601 4463 1821 4531 quam
1846 4450 2032 4514 recte
2056 4439 2184 4507 illis
2209 4434 2599 4527 parentibus
