3325 5317
770 450 905 515 ⁸43
1086 446 1450 512 onum
1513 446 1613 511 IN
1668 446 2171 513 summum
2228 446 2654 514 Avovs'rl

771 643 949 716 pace
977 623 1282 721 restituta
1316 623 1715 715 firmataque
1754 623 2154 710 concordia,
2219 624 2344 694 sed
2387 646 2564 695 nova
2606 624 2806 694 etiam
2839 649 3000 694 san-

772 730 910 799 cita
949 737 1020 797 et
1061 727 1450 821 gravissima
1495 727 1647 797 talis
1677 728 2032 823 ‚religione
2065 727 2398 814 foederis,
2447 729 2650 818 quale
2688 752 2828 797 non
2872 754 2996 797 ex-

771 831 938 899 stitit
973 830 1262 901 antehac
1290 832 1427 900 ulla
1454 829 1808 899 hominum
1837 833 2182 900 memoria.
2279 832 2465 901 Illud
2491 854 2654 900 vero
2682 842 2999 923 reputate

774 942 978 1024 atque
1020 933 1092 1003 in
1139 943 1432 1004 mentem
1474 943 1789 1005 revocate
1803 970 1830 1020 ς
1908 943 1985 1004 ut
2035 957 2336 1003 reversus
2380 935 2451 1003 in
2514 937 2839 1027 patriam,
2905 946 2997 1021 et,

770 1037 1351 1126 quemadmodum
1390 1046 1758 1123 meruerat,
1816 1045 2002 1106 tanta
2044 1061 2200 1110 eum
2257 1039 2689 1107 exsultatione
2741 1063 2785 1106 a
2825 1039 2997 1108 civi-

771 1141 899 1209 bus
938 1140 1071 1211 suis
1114 1147 1464 1233 exceptus,
1530 1148 1780 1230 quanta
1812 1141 2003 1211 nulla
2041 1164 2338 1231 unquam
2378 1142 2541 1211 alibi
2579 1136 2806 1211 audita
2844 1140 2995 1224 fuit,

770 1264 911 1312 non
945 1253 1232 1337 propter
1277 1246 1516 1313 amissa
1558 1244 1913 1314 demittens
1953 1244 2244 1315 animum
2264 1293 2285 1327 ‚
2348 1243 2472 1313 sed
2513 1245 2762 1315 relictis
2804 1252 2995 1311 tanto

770 1346 1271 1439 diligentiorem
1328 1370 1560 1418 curam
1600 1347 2006 1437 impendens
2019 1395 2042 1431 ,
2119 1347 2290 1415 nihil
2341 1347 2528 1416 aliud
2590 1370 2720 1438 per
2772 1331 2994 1417 totuui

767 1450 940 1519 illud
984 1459 1248 1542 tempus
1273 1473 1478 1539 quam
1514 1450 1779 1541 patriae
1806 1450 2261 1523 crudelissime
2295 1450 2672 1542 discerptae
2713 1451 2993 1518 vulnera

768 1576 1037 1638 sanare,
1109 1563 1574 1642 tantarumque
1588 1601 1611 1640 ,
1702 1553 1946 1644 quibus
1982 1553 2256 1645 ‚afflicta
2291 1554 2576 1624 iacebat
2592 1598 2625 1638 ‚-
2692 1553 2993 1622 cladium

766 1657 1182 1725 oblivionem
1222 1656 1566 1725 adducere
1605 1657 1965 1734 studuerit:
2013 1656 2087 1724 id
2113 1657 2302 1746 quod
2342 1679 2429 1726 eo
2459 1657 2627 1727 fecit
2658 1680 2993 1741 successu,

618 1811 631 1816 -
768 1763 846 1827 ‘ut
888 1782 1065 1850 pene
1105 1758 1499 1829 incredibile
1546 1760 1665 1846 sit,
1715 1760 2068 1851 regionem
2103 1769 2205 1827 tot
2236 1760 2512 1852 proeliis
2541 1769 2861 1828 vastatam
2877 1808 2900 1844 ,
2952 1785 2996 1828 a

767 1862 964 1930 tantis
992 1861 1387 1933 exercitibus
1418 1859 1810 1930 exhaustam
1825 1914 1848 1950 ,
1894 1871 2002 1946 tot
2034 1863 2378 1952 imperatis
2420 1862 2683 1931 tributis
2712 1885 2995 1930 enerva-

766 1972 939 2049 tam,
989 1962 1403 2036 fertilissimis
1446 1963 1739 2054 denique
1778 1966 2137 2056 provinciis
2185 1967 2544 2057 spoliatam
2599 1985 2737 2033 non
2779 1965 2996 2034 modo

767 2068 1024 2137 salvam
1052 2090 1135 2136 ex
1161 2076 1303 2142 tam
1339 2067 1672 2137 immensis
1713 2069 1908 2137 malis
1936 2068 2302 2154 emersisse,
2353 2069 2475 2138 sed
2523 2068 2707 2136 omni
2737 2091 2993 2161 genere
3010 2116 3032 2147 .

766 2172 1235 2264 prosperitatis
1264 2171 1796 2241 florentissimam
1836 2172 2159 2266 conspici.
2211 2174 2459 2243 Talem
2513 2172 2752 2264 igitur,
2813 2182 2994 2247 tam-

769 2298 909 2366 que
962 2275 1274 2345 eximium
1327 2271 1599 2343 Rudent
1654 2277 1805 2364 quis
1876 2286 1978 2347 est
2029 2285 2325 2351 nostrum
2343 2324 2366 2361 ‚
2430 2274 2607 2346 cives
2621 2326 2642 2363 ‚
2699 2276 2823 2365 qui
2855 2297 2995 2343 non

674 2386 760 2450 21
776 2379 1005 2447 divino
1038 2379 1234 2448 nobis
1269 2378 1605 2448 beneficio
1653 2378 1888 2449 datum
1904 2427 1926 2464 ‚
1989 2380 2215 2450 div-ino
2258 2379 2588 2449 beneficio
2638 2403 2768 2470 per
2817 2379 2994 2447 inte-

765 2505 969 2576 grum
1001 2481 1354 2550 dimidium
1380 2482 1629 2553 saeculi
1659 2492 2145 2568 conservatum,
2196 2484 2351 2569 sibi,
2402 2483 2758 2566 saxoniae,
2811 2483 2993 2551 Ger·
3105 2536 3110 2542 .

766 2586 1030 2655 maniae
1079 2587 1451 2677 gratuletur
1464 2584 1500 2654 ?
1579 2585 1699 2675 11111
1742 2610 1882 2657 non
1924 2593 2107 2655 tanta
2149 2587 2314 2656 Eius
2354 2585 2596 2655 merita
2611 2634 2631 2668 ‚
2716 2595 2993 2674 tamque

767 2689 1103 2758 excelsam
1141 2689 1453 2758 virtutem
1492 2698 1690 2780 grata
1732 2686 2060 2760 memoria
2113 2689 2457 2759 recordari
2512 2689 2993 2759 sanctissimum

765 2790 1027 2864 habeat'
1061 2791 1327 2883 pietatis
1370 2791 1726 2862 officium?
1774 2795 1893 2883 qni
1937 2816 2072 2861 non
2114 2814 2198 2861 ex
2240 2792 2473 2861 intimo
2512 2802 2793 2883 pectore
2830 2803 2994 2859 vota

762 2917 896 2987 pro
941 2896 1106 2964 Eius
1145 2896 1360 2967 salute
1406 2905 1610 2985 atque
1650 2897 2109 2967 incolumitate
2136 2895 2374 2981 faciat,
2426 2896 2740 2985 Eumque
2785 2918 2992 2984 quam

762 2998 1136 3068 diutissime
1174 2999 1508 3069 Saxoniae
1546 3022 1861 3092 praeesse
1911 3001 2113 3069 etiam
2153 3008 2356 3087 atque
2407 2999 2602 3068 etiam
2669 2997 2989 3089 exoptet?

764 3101 915 3170 Nec
955 3101 1082 3169 soli
1118 3123 1277 3183 nos,
1329 3104 1544 3186 cives,
1595 3103 1836 3193 quibus
1880 3126 2092 3193 usque
2137 3101 2366 3171 adhuc
2404 3104 2527 3170 sub
2568 3101 2734 3170 Eius
2770 3123 2990 3192 regno

612 3244 623 3253 ·
766 3202 975 3271 beatis
1004 3203 1230 3271 vivere
1260 3206 1544 3296 contigit
1558 3252 1579 3288 ‚
1632 3206 1818 3276 hunc
1848 3205 2277 3275 laetissimum
2321 3205 2505 3280 diem
2535 3205 2987 3274 celebramus:

765 3303 905 3386 illi,
951 3303 1048 3375 illi
1092 3327 1401 3394 quoque,
1450 3328 1588 3374 non
1628 3310 1770 3376 sine
1808 3310 2140 3393 lacrimis»,
2189 3308 2553 3400 participes
2595 3306 2796 3376 huius
2843 3308 2990 3375 lae*

765 3406 951 3476 titiae
1004 3418 1190 3494 sunt,
1253 3408 1372 3497 11111
1416 3410 1664 3479 multos
1709 3433 1839 3500 per
1882 3434 2089 3481 annos
2150 3435 2281 3481 una
2329 3411 2680 3480 nobiscum
2720 3413 2991 3505 iustum,

765 3510 1225 3595 moderatum,
1276 3512 1464 3597 lene,
1517 3515 1810 3584 clemens
1846 3517 2010 3585 Eius
2055 3514 2414 3607 imperium
2454 3514 2770 3605 experti,·
2810 3535 2989 3609 nunc

764 3612 958 3682 divisi
1004 3637 1047 3682 a
1083 3612 1311 3702 nobis,
1363 3638 1501 3685 non
1523 3617 1745 3688 solum
1774 3619 1975 3689 tacita
1999 3617 2474 3701 recordatione
2514 3617 2699 3691 luins
2712 3669 2734 3704 ‚
2785 3641 2993 3706 quem

765 3723 904 3783 tam
944 3716 1062 3785 diu
1092 3720 1301 3811 patris
1339 3719 1545 3788 instar
1573 3722 1953 3792 beneficum
1992 3721 2405 3809 habuerunt,
2458 3720 2582 3789 sed
2622 3720 2825 3795 etiam
2842 3769 2876 3807 ,,
2914 3729 2992 3788 ut

767 3815 1074 3888 audimus
1088 3870 1110 3907 ‚
1160 3822 1447 3914 publicis
1471 3824 2041 3894 testificationibus
2057 3874 2080 3910 ,
2131 3824 2619 3915 comprobante
2658 3826 2814 3914 pios
2844 3825 2989 3892 ani-.-

767 3940 1028 3989 morum
1060 3947 1282 3995 sensus
1309 3924 1594 3995 honesta
1617 3927 1857 4020 Regis,
1905 3930 2018 4000 cui
2046 3950 2223 4003 nunc
2251 3936 2514 4021 parent,
2537 3927 2991 4014 liberalitate,

763 4019 1061 4091 Saxones
1101 4050 1174 4095 se
1222 4051 1364 4099 esse
1395 4029 1818 4121 profitentur.
2159 4093 2163 4097 »

972 4124 1153 4208 Quin
1185 4138 1259 4197 tu
1288 4134 1563 4220 quoqne
1591 4132 1790 4219 ades,
1840 4135 2195 4206 Purser-:rs
2225 4134 2734 4223 Senmrssmn,
2785 4159 2993 4227 prae-

768 4226 1106 4316 sentiaque
1149 4240 1266 4300 tua
1309 4243 1387 4302 ut
1438 4235 1885 4327 insperatum,
1956 4239 2050 4309 ita
2092 4243 2301 4333 longe
2346 4241 2711 4310 maximum
2763 4240 2992 4307 adiicis

764 4327 1056 4402 laetitiae
1097 4343 1362 4403 nostrae
1407 4341 1767 4410 cumulum.
1887 4342 2073 4427 Quid
2132 4340 2374 4412 enim?
2416 4345 2578 4413 Hoc
2618 4345 2772 4434 ipso
2815 4353 2993 4409 tem-»-

765 4451 974 4520 POl'Oo
1024 4456 1163 4525 quo
1188 4436 1322 4504 toti
1373 4459 1593 4509 sumus
1634 4443 1705 4514 in
1744 4446 2160 4517 celebrandis
2199 4449 2432 4517 Rners
2477 4447 2689 4516 nostri
2728 4446 2994 4516 heneti*-

2384 4707 2403 4749 1
