3325 5317
683 1321 875 1410 DE
992 1319 1683 1448 VERslovs
1819 1318 2413 1410 stRns
2523 1256 3010 1403 APVD*
3109 1263 3122 1274 “

701 1583 713 1598 ,
802 1505 1662 1601 AEscHYLVM
1720 1496 2812 1619 olssERTAT10*).

2173 1743 2228 1798 ‘ixx
2377 1700 2412 1800 ἶ
2457 1751 2488 1768 m
2531 1746 2610 1790 Γῖ

1608 1824 2029 1841 naun-*-
2173 1799 2276 1866 ³:1⁴⁵
2377 1807 2384 1812 “
2459 1801 2462 1832 ᾗ
2591 1799 2614 1818 Γ

2317 1839 2328 1852 ¹.
2375 1845 2382 1858 t
2447 1833 2474 1854 ..Γ

2175 1877 2187 1894 a
2317 1855 2384 1906 3.

2249 1897 2260 1928 ἑ

629 2081 674 2143 3
687 2031 853 2143 Ars
912 2071 1146 2152 critica
1199 2074 1294 2142 ita
1334 2075 1632 2145 exerceri
1680 2098 1723 2142 a
1759 2073 2104 2168 plerisque
2148 2074 2323 2143 solet
2338 2122 2361 2161 ,
2424 2080 2501 2144 ut
2514 2122 2537 2162 ,
2600 2076 2923 2164 quoniam

679 2176 897 2246 omnis
945 2178 1084 2247 eius
1131 2177 1229 2247 vis
1270 2179 1339 2246 in
1379 2177 1726 2250 iudicandi
1776 2178 2076 2247 sollertia
2128 2180 2576 2270 expromitur,
2658 2178 2921 2248 nullam

679 2281 821 2349 eius
860 2303 1005 2350 esse
1047 2281 1475 2373 disciplinam
1515 2283 1893 2352 existimare
1939 2281 2310 2351 videantur.
2415 2281 2612 2366 Quae
2661 2306 2767 2350 res
2808 2283 2921 2351 fa-

678 2384 771 2455 cit
786 2432 808 2471 ,
856 2394 933 2453 ut
946 2433 968 2472 ,
1018 2384 1184 2453 dum
1214 2386 1326 2454 vel
1373 2409 1640 2455 sensum
1664 2386 1949 2477 quisque
1994 2408 2189 2455 suum
2217 2385 2332 2455 vel
2367 2385 2756 2476 opinionem
2790 2387 2923 2455 ali-

675 2511 882 2578 quam
928 2499 1057 2557 aut
1096 2490 1652 2560 consuetudinem
1690 2491 2021 2581 sequitur,
2099 2512 2238 2558 non
2296 2490 2580 2580 ubique·
2618 2490 2789 2559 iusta
2850 2499 2920 2559 et

676 2601 841 2683 apta
897 2592 1221 2661 medendi
1259 2595 1447 2662 ratio
1499 2593 1925 2674 adhibeatur.
2041 2594 2138 2668 At
2179 2592 2377 2661 huius
2429 2616 2702 2683 quoque
2757 2596 2918 2663 artis

673 2694 849 2762 ratio
873 2696 1215 2784 quaedam
1245 2705 1344 2764 est
1382 2718 1467 2767 ac
1501 2697 1880 2789 disciplina,
1931 2719 2107 2786 quae
2140 2705 2208 2765 et
2228 2694 2475 2765 modos
2515 2696 2919 2766 emendandi

598 2885 603 2892 ,
675 2798 1006 2888 explicat,
1076 2807 1146 2867 et
1195 2799 1313 2867 ubi
1365 2801 1663 2892 singulis⁸
1707 2798 1964 2880 horum,
2008 2800 2373 2869 modorum
2433 2800 2755 2870 utendum
2812 2801 2915 2887 sit,

675 2902 1047 2995 praecipit,
1102 2910 1173 2970 et
1202 2924 1554 2993 quousque
1598 2925 1837 2972 eorum
1878 2925 2034 2972 usus
2072 2914 2337 2997 pateat,
2391 2905 2616 2973 docet.
2715 2903 2915 2989 Quae

674 3004 905 3072 omnia
948 3026 1087 3095 quo
1126 3005 1340 3074 maius
1369 3030 1576 3098 saepe
1615 3008 1684 3075 in
1714 3006 2140 3077 emendando
2172 3018 2591 3079 momentum
2628 3005 2912 3093 habent,

597 3154 602 3159 ·
671 3116 860 3176 tanto
903 3110 1123 3201 mag-is
1155 3110 1532 3201 optandum
1581 3121 1679 3180 est
1693 3161 1714 3198 ,
1768 3121 1842 3179 ut
1879 3111 2141 3181 exsistat
2165 3160 2187 3197 ,
2237 3113 2357 3203 qui
2402 3133 2673 3180 omnem
2703 3110 2913 3180 huius

673 3212 834 3280 artis
882 3213 1215 3281 rationem
1258 3215 1631 3307 accuratius
1644 3263 1664 3301 ,
1734 3238 1937 3304 quam
1992 3213 2223 3285 adhuc
2271 3216 2529 3285 factum
2579 3224 2680 3282 est
2699 3264 2721 3301 ,
2792 3238 2912 3285 ex-
3025 3253 3036 3261 ·

669 3315 937 3407 planetz
1010 3320 1410 3407 praesertim
1448 3341 1659 3407 quum
1694 3317 2034 3386 interdum
2076 3319 2279 3388 etiam
2320 3318 2677 3411 primarios
2729 3319 2909 3387 viros

669 3421 741 3488 in
766 3419 909 3493 hoc
943 3442 1197 3512 genere
1241 3442 1464 3489 errare
1501 3421 1867 3490 videamus.
1969 3422 2149 3490 Nam
2197 3445 2408 3511 quum
2456 3421 2646 3491 nulla
2676 3445 2913 3491 emen·
2949 3417 2958 3429 '

671 3523 881 3601 dandi
929 3524 1103 3613 ratio
1166 3546 1295 3615 per
1355 3549 1428 3593 se
1478 3525 1645 3616 ipsax
1675 3525 2057 3618 spernenda
2100 3526 2214 3611 sit,
2295 3536 2521 3594 tamen
2572 3525 2912 3612 translata,

669 3650 810 3717 quo
861 3650 1000 3696 non
1050 3626 1291 3716 debet,
1341 3629 1457 3696 vel
1503 3628 1823 3715 modum,
1884 3629 2003 3717 qui
2052 3649 2327 3719 quoque
2383 3630 2546 3698 loco
2585 3628 2920 3698 tenendus

672 3740 808 3814 est,
860 3731 1252 3824 egredienS,
1323 3732 1500 3800 obsit
1554 3733 1818 3824 potiuS,
1885 3755 2091 3821 quam
2145 3734 2395 3823 prosit,
2457 3756 2728 3801 necesse
2786 3741 2905 3801 est.

656 3832 981 3903 ·Monebo
998 3883 1019 3919 ,
1103 3835 1262 3904 data
1324 3835 1678 3908 scribendix
1719 3836 2256 3928 opportunitate,
2319 3837 2593 3905 iuvenes
2646 3836 2912 3904 littera-

668 3959 823 4004 rum
868 3937 1200 4007 studiosos
1260 3938 1348 4007 de
1413 3939 1534 4006 illa
1589 3947 1849 4009 tantum
1905 3940 2162 4007 ratione
2180 3988 2200 4024 ,
2292 3962 2469 4028 quae
2504 3939 2910 4032 indagandis

668 4040 914 4132 spuriis
979 4041 1386 4110 continetur-z
1466 4043 1539 4110 in
1601 4066 1740 4133 qua
1798 4042 2080 4133 quidam
2144 4043 2242 4110 ita
2301 4043 2426 4113 sibi
2480 4044 2912 4135 placuerunt,

669 4153 747 4213 ut
796 4143 906 4212 vix
962 4142 1336 4234 quidquam
1380 4146 1697 4216 adversus
1741 4170 1979 4218 eorum
2021 4146 2431 4240 suspiciones
2481 4148 2639 4216 satis
2686 4146 2913 4215 muni—

756 4444 817 4533 ¹⁸¹)
856 4445 1036 4511 Edita
1076 4457 1171 4512 eat
1211 4468 1264 4509 a.
1314 4421 1498 4517 1814.
