3325 5317
1021 465 1389 528 ΕΣΜΟΣ
1432 466 2014 528 ΜΕΛΙΣΣΗΣ.
2336 471 2341 474 ·
2424 444 2435 451 ’
2501 466 2632 531 253

375 634 482 702 his
497 682 519 720 ,
584 634 759 726 illud
817 636 1037 731 egisse
1097 636 1462 727 Epinicum
1476 687 1499 726 ‚
1579 648 1656 707 ut
1712 620 2079 705 dictionem
2124 634 2633 730 Mnesiptolemi

373 737 647 806 rideret.
747 739 833 808 Id
885 740 1107 833 magis
1152 740 1355 809 etiam
1400 766 1483 812 ex
1532 741 1830 810 versibus
1867 741 2027 832 ipsis
2065 740 2340 831 Epinici
2382 743 2630 840 intelli-

378 842 595 934 gitur,
679 864 852 931 quos
901 843 1292 912 emendatos
1340 844 1458 914 hic
1508 867 1786 935 ponam.
1901 845 2077 911 Nam
2122 844 2192 911 in
2233 845 2356 913 tali
2399 869 2631 914 caussa
2755 919 2767 930 ,

378 967 518 1012 non
559 945 711 1012 satis
747 957 844 1016 est
861 994 882 1031 ‚
932 947 1258 1017 formulas
1301 948 1573 1017 dicendi
1614 948 1791 1039 ipsas
1845 947 2134 1040 spectari
2151 995 2172 1031 ‚
2225 946 2347 1015 sed
2393 948 2633 1016 viden-

380 1049 548 1115 dum
583 1058 682 1118 est
721 1051 959 1136 etiam,
1027 1073 1164 1139 qua
1210 1062 1434 1120 mente
1473 1074 1698 1141 quove
1735 1043 2015 1120 consilio
2063 1062 2422 1142 usurpatae
2471 1052 2633 1121 sint:

378 1173 558 1241 quae
619 1175 727 1220 res
775 1177 932 1224 cum
983 1154 1352 1245 scripturae
1413 1154 1893 1245 emendatione.
1926 1154 2463 1224 coniunctissima
2507 1164 2629 1224 est.

376 1255 481 1324 lta
518 1264 743 1324 autem
786 1258 1012 1327 scribit
1046 1258 1371 1348 Epinicus
1416 1282 1458 1327 e
1495 1281 1789 1350 persona
1828 1256 2369 1349 Mnesiptolemi:

587 1404 706 1481 ἐπ’
760 1405 1073 1503 οἷλφίτου
1123 1408 1431 1482 πίνοντα
1469 1413 1612 1484 τοῦ
1642 1413 1907 1506 θέρους
1934 1411 2115 1485 ποτὲ

589 1505 762 1583 ἰὸων
797 1515 1156 1585 Σέλευκον
1197 1511 1416 1609 ηδέως
1454 1507 1588 1586 τόν
1605 1516 2002 1605 βασιλέα,

508 1664 514 1670 ·
588 1615 877 1739 ἔγραψα
923 1614 1040 1687 καί
1089 1617 1473 1710 παρέδειξα
1516 1622 1672 1697 τοῖς
1721 1611 2084 1695 πολλοῖς”
2039 1643 2163 1688 οτι
2264 1653 2269 1660 ’

583 1714 719 1790 κοῖν
748 1712 841 1791 w*
869 1712 1093 1808 τυχόν
1125 1715 1173 1815 ᾗ
1201 1744 1690 1842 πραγματιον
1698 1718 1757 1815 ἢ
1778 1713 2058 1815 σφόδρ’
2102 1712 2416 1805 εὐτελές,

587 1814 855 1912 σεμνᾶν
896 1816 1207 1894 δύναται
1239 1818 1470 1895 τοῦθ’
1512 1819 1557 1911 ἦ
1602 1816 1908 1914 δύναμις
1939 1849 1982 1918 η
2026 1814 2151 1916 ’μῆ
2193 1826 2466 1892 ποιεῖν·
2631 1835 2720 1895 69

582 1923 951 2043 »γέροντα
997 1916 1317 2012 Θασιον,
1371 1917 1506 1997 τόν
1550 1951 1635 1997 τε
1689 1924 1826 2047 γῆς
1858 1919 1992 1995 οέπ
2035 1919 2388 2004 Ἀτθίδος

584 2019 869 2117 ,,ε“σμο“ν
913 2025 1246 2149 μελίσσης
1289 2026 1417 2123 τῆς
1466 2020 1873 2150 ἀκραχόλου
1920 2019 2180 2119 γλυκύν

581 2121 1221 2246 ,,συγκυρκανη’σας
1268 2132 1344 2201 ἐν
1381 2122 1634 2236 σκύφῳ
1671 2128 1887 2251 χυτῆς
1917 2127 2164 2216 λίθου,

585 2226 1048 2327 ,,Δὴμητρος
1094 2227 1281 2327 α’κτῇ
1326 2231 1474 2303 πᾶν
1518 2225 1940 2352 γεφυρώσας
1978 2224 2247 2328 υγρόνυ,

586 2333 1112 2432 ,,κατῃσίμωκα
1154 2361 1375 2428 πωμα
1408 2332 1779 2427 καύματος
1804 2327 2032 2408 λύσιν.
2018 2339 2082 2377 ‘⁶

377 2485 594 2555 Iactat
641 2484 1205 2578 Mnesiptolemus
1261 2495 1477 2558 artem
1537 2510 1729 2556 suam
1784 2510 1892 2555 res
1950 2487 2256 2577 quamvis
2309 2486 2622 2579 vulgares

384 2589 698 2657 dictionis
743 2591 1111 2681 splendore
1163 2591 1255 2660 ad
1296 2591 1605 2661 eximiam
1635 2591 2172 2683 magnitudinem
2215 2597 2284 2659 et
2321 2593 2624 2683 gravita-

379 2701 519 2761 tem
550 2693 939 2780 extollendi.
1046 2694 1253 2765 Cuius
1281 2696 1435 2763 artis
1469 2694 1815 2787 specimen
1845 2696 2075 2782 edens,
2125 2694 2387 2787 grande
2415 2694 2622 2784 quid-
2742 2715 2755 2730 ·

381 2796 543 2864 dam
605 2806 673 2864 et
730 2798 1088 2892 tragoedia
1143 2800 1430 2892 dignum
1488 2822 1728 2867 sonare
1784 2798 2055 2890 incipit:
2132 2799 2315 2868 unde
2373 2821 2621 2885 versu&

376 2900 621 2988 quibus
665 2898 807 2971 hoc
857 2904 1201 2994 specimen
1254 2904 1632 2973 continetur
1647 2951 1669 2988 ,
1738 2903 1942 2971 etiam
1999 2903 2290 2971 numeris
2347 2903 2623 2993 tragicis

376 3002 721 3071 incedunt.
821 3005 930 3073 Ex
970 3029 1106 3094 qua
1156 3030 1232 3076 re
1272 3006 1705 3100 intelligitur,
1760 3016 2150 3098 corruptam
2190 3029 2333 3074 esse
2371 3006 2622 3097 vulga-

376 3115 521 3174 tam
560 3107 959 3197 scripturam
1004 3104 1406 3206 οἷκρολόγου
1421 3165 1450 3199 ,
1525 3133 1734 3199 quam
1789 3110 2164 3193 BarkeruS‚
2228 3110 2283 3176 si
2323 3110 2621 3201 tragicos

376 3208 496 3280 hic
538 3232 852 3281 numeros
887 3213 1139 3302 requiri
1183 3213 1752 3283 animadvertisset
1765 3261 1786 3298 ‚
1850 3214 2059 3285 facile·
2097 3213 2369 3282 vidisset
2430 3213 2623 3282 aliter

323 3405 328 3412 ῃ
377 3335 586 3402 quam
625 3314 860 3384 addito
891 3316 984 3384 ad
1013 3310 1275 3410 γλυκύν
1308 3318 1591 3387 articulo
1623 3316 2098 3408 corrigendam
2142 3341 2303 3386 esse.
2408 3315 2620 3400 Quod

376 3417 448 3483 in
494 3417 791 3508 epitome
815 3419 971 3490 MS.
997 3421 1285 3513 legitur,
1339 3413 1743 3519 α’κρολόχου
1756 3476 1785 3510 ,
1840 3422 1993 3489 satis
2025 3430 2260 3512 aperte
2295 3428 2620 3487 monstrat

376 3519 807 3590 scribendum
847 3545 992 3599 esse
1023 3519 1430 3618 ἀκραχόλου
1448 3551 1477 3615 ,·
1528 3547 1815 3612 eamque
1859 3525 2079 3616 ipsam
2111 3523 2507 3612 scripturam
2546 3522 2620 3588 in

381 3625 714 3717 excerptis
755 3626 1135 3716 repperisse
1175 3650 1246 3695 se
1285 3635 1563 3696 testatur
1606 3626 2043 3695 casaubonus
2060 3678 2079 3715 ‚
2136 3648 2359 3716 nuper
2392 3633 2618 3698 autem

379 3728 622 3797 merito
669 3729 950 3800 adscivit
986 3729 1349 3804 lacobsiuS.
1464 3722 1751 3803 Γλυκύν
1795 3730 2071 3819 quidem
2125 3736 2312 3797 recte
2353 3729 2620 3819 reposi-

293 3809 302 3828 ‘
383 3839 530 3899 tum
569 3842 738 3923 puto
781 3856 912 3924 pro
943 3826 1164 3928 γλυκύ
1174 3888 1203 3922 ,
1258 3832 1448 3922 quod
1475 3832 1634 3901 libri
1663 3829 1940 3903 habent.
2042 3833 2219 3899 Nam
2249 3830 2369 3899 etsi
2415 3830 2620 3900 etiam
2660 3923 2665 3930 .

380 3937 659 4027 γλυκεῖ,
725 3937 915 4025 quod
959 3936 1050 4005 ad
1099 3929 1345 4033 σκύφῳ
1395 3938 1794 4024 referretur,
1846 3936 2139 4006 scribere
2176 3936 2400 4027 potuit
2440 3937 2620 4027 Epi-

378 4036 569 4105 nicus
584 4087 605 4123 ,
657 4049 885 4110 tamen
910 4040 1296 4111 concinnior
1319 4039 1584 4108 videtur
1615 4040 1830 4108 oratio
1850 4088 1872 4123 ,
1922 4040 2135 4107 relato
2172 4039 2315 4108 hoc
2343 4040 2616 4114 nomine

380 4138 474 4207 ad
520 4135 768 4234 ἑσμόν.
869 4137 1470 4239 Συγκυρκαυήσας
1484 4197 1512 4230 ,
1594 4143 1786 4256 quod
1829 4144 2030 4212 etiam
2095 4143 2439 4214 lacobsius
2480 4166 2619 4235 po-

380 4243 549 4331 suit,
614 4245 996 4315 emendatio
1052 4254 1184 4333 est,
1253 4246 1377 4314 nisi
1442 4245 1649 4316 fallor
1662 4294 1687 4333 ‚
1775 4246 2175 4317 Schneideri
2230 4246 2301 4316 in
2357 4248 2616 4316 Lexico

382 4346 691 4426 Graeco:
733 4348 933 4419 nihil
975 4358 1074 4418 est
1115 4349 1293 4420 enim
1328 4350 1682 4442 vulgatum
1732 4344 2328 4449 συγκυρκανήσας
2429 4349 2616 4419 'rum

378 4451 496 4540 qui
536 4480 685 4530 παν
728 4481 812 4549 γε
849 4447 1182 4554 φυράσας
1214 4447 1442 4553 υγρόν
1485 4455 1690 4527 scribi
1729 4453 2085 4527 voluerunt
2101 4503 2125 4541 ,
2172 4474 2394 4542 neque
2447 4450 2616 4542 quid
