3325 5317
1071 370 1716 475 'mssssnnrlo
1772 410 1846 472 n
2476 368 2605 485 ιω

353 581 758 658 metium
811 581 1171 651 confimat
1223 580 1768 655 emendationem
1829 592 2130 657 nostram
2190 587 2604 659 vocabulum

353 679 742 770 ὑπόθεσις,
792 707 935 776 quo
983 686 1080 754 uti
1126 686 1350 777 potuit
1395 686 1830 773 scholiastes,
1899 689 1956 759 si
1985 686 2595 782 δεινσπαθοῦσας,

350 812 528 874 uon,
581 789 638 857 si
670 782 868 881 μετ-οἷ
902 784 1303 883 λαμπάδων
1332 790 1759 861 introductas
1782 791 2013 865 dicere
2051 792 2348 862 volebat.
2450 794 2652 864 Far-r

351 916 464 968 ces
498 892 746 985 igitur,
798 916 979 982 quae
1018 894 1090 964 iu
1131 894 1258 962 isto
1290 892 1557 965 scholio
1598 905 1668 965 et
1701 918 1861 965 mox
1903 897 1974 969 in
2016 882 2283 965 duobus
2329 896 2477 966 aliis
2509 899 2605 969 ad

350 996 673 1070 eumdem
700 995 968 1080 locum,
1018 1006 1223 1086 atque
1248 996 1407 1066 inde
1447 998 1639 1088 apud
1670 999 2012 1069 Suidam
1992 1020 2062 1067 ιιι
2104 1023 2167 1069 v.
2202 999 2603 1097 τραγῳδίᾳ

348 1111 701 1191 tamquam
756 1098 980 1170 Furiis
1034 1098 1220 1192 apud
1269 1101 1567 1194 tragicos
1625 1103 1915 1173 tributae
1967 1108 2603 1192 commemorantur,

349 1227 490 1274 nou
539 1203 664 1275 ad
680 1202 1010 1293 Aeschyli
1039 1203 1488 1289 Eumenides,
1539 1205 1662 1274 sed
1700 1205 1794 1273 ad
1838 1206 2123 1276 aliorum
2158 1207 2422 1276 fabulas
2457 1217 2602 1277 tra-

348 1309 666 1403 gicorum
686 1315 1014 1399 spectant.
1115 1306 1282 1375 Veri
1327 1306 1542 1378 simile
1586 1316 1686 1377 αισι
1730 1318 1993 1398 autem,
2044 1332 2254 1400 quum
2282 1310 2600 1401 Aeschy-

349 1413 455 1482 lus
473 1410 785 1502 olymp.
814 1409 1092 1483 LXXX.
1119 1407 1190 1478 2.
1220 1409 1458 1481 Furias
1498 1410 1754 1482 deduci
1781 1434 1942 1483 cum
1983 1412 2246 1483 facibus
2279 1413 2369 1482 ad
2400 1415 2599 1485 sedes

348 1538 502 1586 snas
541 1515 845 1600 fec‘nset,
912 1512 1082 1583 visas
1120 1535 1266 1582 esse
1303 1515 1491 1585 faces
1538 1515 1828 1586 multum
1873 1517 2189 1587 conferre
2228 1516 2322 1587 ad
2363 1517 2602 1609 splen-

347 1619 596 1690 dorem
635 1626 705 1687 et
750 1626 1080 1688 terrorem
1125 1615 1360 1704 chori,
1401 1617 1710 1708 ideoque
1750 1629 1994 1711 postea
2039 1644 2151 1690 eas
2183 1621 2401 1690 Furiis
2431 1622 2599 1691 addi

346 1723 579 1793 solitas
624 1743 768 1792 esse
816 1718 919 1812 *).
1023 1719 1207 1790 Hinc
1241 1742 1381 1791 nou
1418 1721 1704 1809 mirum,
1752 1723 1998 1814 quod
1977 1747 2047 1793 ιιι
2077 1746 2291 1816 opere
2331 1725 2598 1798 caelato

344 1826 579 1897 Musei
616 1824 925 1897 Vaticani
940 1871 963 1910 ‚
1027 1845 1167 1913 quo
1211 1823 1794 1918 Choephororum
1835 1828 2431 1918 Eumenidumque
2483 1852 2599 1897 ar-

347 1912 762 2026 gumentum
805 1950 1193 2019 expressum
1250 1937 1382 2015 est,
1447 1927 1539 1998 de
1588 1954 1731 2020 quo
1786 1953 2002 2022 opere
2041 1930 2248 2001 docte
2289 1932 2600 2004 disseruit

344 2031 775 2106 Heerenius
754 2055 826 2101 ιιι
876 2030 1299 2104 bibliotheca
1333 2033 1578 2102 veteris
1620 2034 2033 2106 litteraturae
2075 2045 2146 2104 et
2189 2036 2350 2104 artis
2399 2044 2600 2128 parte

341 2139 580 2223 tertia,
629 2136 878 2206 Furiae
921 2156 1079 2204 cum
1118 2135 1382 2208 facibus
1444 2136 1946 2231 conspiciuntur
1959 2187 1982 2227 ‚
2035 2139 2157 2210 etsi
2204 2139 2395 2230 apud
2449 2140 2597 2209 Ae·-
2718 2164 2725 2173 ·

342 2241 710 2333 achylum
690 2240 770 2308 lis
803 2239 1145 2309 carebant.
2607 2328 2613 2335 .

356 2393 364 2401 -
548 2345 898 2416 Hactenus
932 2341 1238 2411 nondum
1275 2340 1583 2413 videmus
1631 2344 1917 2414 allatum
1967 2368 2146 2432 esse,
2207 2344 2429 2436 quod
2443 2347 2594 2415 Eu-

342 2448 646 2520 menides
674 2448 779 2517 bis
807 2455 992 2518 actas
1033 2468 1177 2525 esse
1207 2455 1470 2538 arguat.
1574 2446 1767 2533 Quid
1807 2472 1977 2542 ergo
2017 2448 2107 2518 de
2142 2470 2229 2518 eo
2263 2449 2593 2535 dicemuS,

338 2554 532 2646 quod
573 2576 685 2622 eas
721 2548 1149 2635 Boeckhius‚
1213 2570 1423 2639 quum
1467 2551 1771 2645 primum
1818 2561 2178 2645 agerentur
2192 2604 2214 2643 ,
2264 2573 2402 2622 non
2452 2561 2593 2623 ste-

341 2660 497 2728 tisse
530 2664 757 2728 censet
775 2655 809 2723 ?
858 2653 1092 2723 Valde
1114 2652 1431 2745 profecto
1458 2650 1724 2728 lubrica
1751 2667 1909 2727 sunt
1931 2665 2361 2751 argumenta,
2410 2679 2593 2747 quae

343 2785 388 2832 a
414 2771 676 2832 terrore
706 2767 1031 2852 petuntur
1045 2805 1068 2843 ‚
1117 2779 1326 2847 quem
1351 2757 1600 2828 Pollux
1628 2767 1700 2828 et
1726 2762 2020 2854 scriptor
2055 2763 2235 2831 vitae
2263 2759 2592 2857 Aeschyli

345 2867 707 2938 excitatmn
749 2886 892 2932 esse
940 2860 1159 2931 choro
1205 2860 1565 2931 Furiarum
1612 2862 1864 2935 dicunt.
1984 2865 2161 2934 Nam
2203 2866 2260 2934 si
2301 2864 2595 2937 manife-

340 2979 514 3040 stam
579 2965 1175 3058 exaggerationem
1234 2964 1635 3053 detraxeris,
1724 2968 1897 3037 nihil
1944 2969 2340 3060 relinquitur
2354 3016 2377 3055 ‚
2467 2967 2592 3036 nisi

340 3072 549 3144 valde
583 3069 977 3164 perterritos
1020 3091 1165 3138 esse
1212 3077 1663 3160 spectatores.
1746 3072 1938 3162 quod
1999 3095 2121 3142 cur
2165 3071 2444 3142 tandem
2501 3090 2588 3141 eo

340 3177 627 3251 valuisse
667 3173 1054 3267 putabimus
1067 3221 1092 3260 ‚
1154 3181 1231 3240 ut
1275 3171 1514 3241 fabula
1558 3173 2090 3266 improbaretur,
2158 3198 2370 3266 quum
2411 3175 2591 3246 haec

300 3364 304 3369 ⁶
340 3281 491 3377 ipsa
537 3302 645 3349 res
697 3276 972 3348 laudem
1024 3275 1249 3368 potius
1313 3286 1518 3368 atque
1573 3277 2091 3349 admirationem
2143 3303 2386 3373 parere
2443 3280 2590 3348 Ae-

295 3444 299 3452 .
340 3384 583 3476 schylo
634 3378 994 3452 debuerit?
1043 3380 1339 3471 Reliqua
1353 3428 1376 3467 ‚
1428 3403 1612 3470 quae
1658 3383 2033 3453 firmandae
2078 3384 2378 3476 opinioni
2427 3405 2590 3451 suae

339 3488 542 3558 affert
584 3482 1011 3607 Boeckhius‚
1063 3484 1371 3576 collapsa
1414 3485 1714 3555 tabulata
1727 3535 1750 3574 ‚
1801 3499 1871 3557 et
1909 3487 2270 3579 impietatis
2303 3491 2587 3557 accusa·-

336 3593 628 3677 tionem‚
680 3613 765 3660 ea
810 3588 1085 3661 minoris
1133 3590 1339 3660 etiam
1379 3598 1530 3657 sunt
1576 3590 1921 3680 ponderis.
2022 3591 2132 3661 De
2160 3588 2586 3661 accusatione

334 3696 457 3766 illa
503 3695 684 3766 infra
728 3693 1009 3763 dicetur.
1115 3691 1225 3762 De
1268 3691 1587 3784 collapsis
1625 3701 1853 3764 autem
1891 3694 2206 3762 tabulatis
2222 3742 2243 3778 ,
2294 3692 2387 3761 de
2424 3693 2585 3782 qui-

331 3801 464 3871 bus
498 3797 729 3870 scribit
761 3804 847 3890 p.
878 3795 1003 3866 38.
1042 3818 1250 3887 quam
1282 3797 1537 3867 incerta
1579 3819 1690 3864 ιω
1732 3797 1847 3885 sit,
1896 3797 2232 3867 neminem
2263 3795 2417 3866 fore
2446 3818 2586 3888 pu7

269 3948 274 3955 ·
332 3915 553 3975 tamus
569 3950 593 3989 ‚
672 3901 795 3993 qui
875 3923 1020 3971 nou·
1088 3899 1444 3994 intelligat,
1580 3897 1824 3971 Omnis
1904 3901 2084 3972 enim
2164 3899 2582 3970 ratiocinatio

331 4005 677 4081 Boeckhii
720 4002 901 4077 haec
950 4012 1081 4075 est:
1127 4001 1184 4074 si
1231 4004 1303 4073 in
1350 4003 1656 4078 Siciliam
1706 4005 1876 4075 abiit
1901 4003 2282 4109 Aeschylus
2329 4005 2423 4076 ob
2453 4002 2584 4074 ad-

413 4343 468 4421 ἢ
526 4341 940 4423 Reprehendit
993 4339 1115 4405 hoc
1168 4340 1569 4407 Schwenkiua
1615 4344 1683 4405 in
1735 4340 2107 4425 praefatione
2158 4342 2237 4405 ad
2292 4336 2580 4419 Aeschyli
2718 4416 2727 4426 ι

206 4424 942 4533 ,Ειιιιιοιιίᾱειμᾶ
