3325 5317
735 455 867 520 m
951 448 1051 510 DE
1094 449 1172 511 R.
1200 447 1583 511 BENTLEIO
1621 445 1958 523 13:1stOE
2002 445 2370 509 EDITIONE
2411 447 2780 512 TERENTII

738 628 928 691 recte
954 620 1353 689 tractabunt.
1456 617 1680 708 quue
1719 618 2102 688 Bentleium
2137 618 2209 687 in
2249 616 2822 688 dissertationibus
2847 620 2984 690 illis
3052 697 3057 701 „

740 721 1165 793 Phalarideis
1192 732 1262 791 et
1293 722 1586 815 epistola
1619 721 1714 791 ad
1743 723 1846 791 Io.
1889 721 2195 790 Minium
2236 722 2332 792 sic
2373 721 2613 794 fecisse
2651 723 2981 810 videmus,

741 837 832 898 ut
858 828 971 897 vix
1006 826 1225 897 ullum
1268 827 1635 919 perfectius
1671 826 1961 922 cogitari
1987 827 2144 895 artis
2177 826 2450 897 criticae
2474 837 2982 897 monumentum

737 931 971 1025 possit
1071 930 1190 1001 Ad
1215 931 1504 1000 alterum
1541 953 1759 1024 genus
1799 931 2205 1023 scriptorum
2228 938 2534 998 veterum
2575 929 2980 1023 interpreta-

737 1036 836 1104 tio
887 1043 1093 1124 atque
1151 1034 1533 1106 emendatio
1578 1036 1892 1128 pertinet.
1994 1035 2104 1106 Ea
2147 1055 2314 1103 vero
2367 1034 2441 1102 in
2462 1034 2733 1127 primis
2786 1058 2980 1106 sensu

735 1140 866 1208 illo
928 1137 1226 1232 indiget,
1292 1140 1412 1229 qui
1472 1160 1557 1209 ex
1610 1139 1911 1210 obscuris
1959 1146 2057 1208 est
2101 1137 2487 1206 notionibus
2549 1139 2978 1229 compositus,

737 1266 906 1333 quas
959 1251 1208 1313 attenta
1266 1242 1493 1336 operis
1549 1243 1873 1333 cuiusque
1930 1241 2224 1315 lectione
2285 1249 2355 1310 et
2408 1242 2980 1333 contemplatione

737 1347 1141 1439 colligimus.
1246 1347 1387 1433 Qui
1417 1370 1641 1429 sensus
1671 1370 1884 1438 quum
1923 1348 2017 1415 ob
2059 1344 2137 1414 id
2177 1345 2400 1436 ipsum
2414 1397 2436 1435 ,
2488 1344 2681 1436 quod
2731 1346 2978 1415 obscu-

731 1451 826 1524 ris
867 1451 1249 1520 notionibus
1294 1450 1675 1521 continetur
1690 1497 1712 1537 ,
1801 1450 1989 1540 quasi
2028 1448 2294 1518 inermis
2346 1450 2430 1516 sit
2443 1496 2466 1535 ,
2533 1448 2600 1517 si
2629 1447 2720 1516 ad
2750 1449 2980 1519 iudicii
3068 1513 3074 1520 .

736 1555 1193 1625 strenuitatem
1248 1563 1715 1645 comparetur:
1793 1554 1999 1625 facile
2059 1554 2479 1624 obmutescat
2514 1575 2806 1644 ‘necesse
2863 1561 2978 1638 est,

736 1659 793 1727 si
830 1660 980 1750 quis
995 1706 1015 1745 ,
1067 1658 1192 1728 ubi
1237 1660 1614 1727 examinare
1658 1681 1817 1727 eum
1859 1659 2088 1749 potius
2127 1666 2330 1746 atque
2379 1655 2741 1746 explicare·
2766 1655 2979 1725 debe-

688 1764 863 1831 ebat
878 1811 901 1848 ,
967 1764 1191 1830 statim
1242 1784 1399 1830 rem·
1427 1761 1519 1830 ad
1563 1761 1837 1831 rationis
1882 1760 2316 1829 subtilitatem
2349 1758 2694 1845 traducat,
2744 1780 2978 1848 eoque

740 1864 1278 1956 disputationem
1311 1885 1449 1933 non
1489 1864 1581 1933 ad
1622 1864 1736 1951 id,
1802 1864 1922 1934 ad
1934 1864 2125 1964 quod
2167 1863 2649 1983 conveniebat,
2710 1863 2836 1931 sed
2890 1862 2978 1930 ad

741 1967 930 2037 aliud
968 1967 1137 2057 quid
1183 1969 1510 2039 conferat.
1626 1968 1848 2059 quue
1895 1969 2198 2037 omnium
2250 1967 2579 2036 facillime
2626 1967 2700 2033 in
2763 1966 2978 2058 poetis

739 2072 890 2140 fieri
929 2081 1185 2163 potest:
1237 2096 1526 2163 quorum
1555 2095 1767 2163 quum
1799 2072 2015 2142 omnis
2057 2071 2273 2152 oratio
2315 2069 2405 2139 ad
2437 2092 2705 2138 sensum
2740 2071 2977 2162 magiS,

738 2198 949 2265 quam
981 2176 1074 2245 ad
1112 2198 1398 2245 severas
1413 2178 1741 2267 quasdam
1780 2175 2130 2297 cogitandi
2157 2175 2430 2266 regulas
2459 2174 2839 2266 composita
2877 2173 2977 2258 sit,

734 2301 877 2349 non
903 2288 1090 2350 recte
1124 2281 1672 2372 interpretabitur
1714 2303 1832 2349 eos
1845 2329 1866 2365 ,
1919 2281 2037 2371 qui
2071 2279 2282 2347 verba
2311 2300 2546 2347 eorum
2559 2325 2581 2362 ‚
2629 2287 2978 2366 tamquam

658 2435 663 2441 -
739 2384 798 2453 si
836 2385 1296 2455 mathematici
1337 2395 1465 2453 aut·
1496 2383 1900 2476 philosophi
1943 2391 2194 2468 essent,
2246 2382 2336 2450 ad
2374 2380 2687 2449 amussim
2733 2381 2979 2472 exigat,

743 2496 813 2556 et
866 2512 1003 2557 non
1059 2489 1288 2579 potius
1338 2489 1504 2578 quid
1554 2489 1906 2575 senserint,
1979 2509 2190 2576 quam
2243 2485 2411 2576 quid
2461 2483 2843 2576 argutando
2896 2505 2978 2550 ex

738 2592 1019 2686 singulis
1064 2593 1284 2662 verbis
1341 2592 1497 2661 elici
1553 2594 1799 2683 possit,
1868 2579 2313 2660 consideret?
2387 2586 2599 2672 Quod
2640 2588 2694 2655 si
2731 2587 2872 2655 hoc
2910 2586 2980 2653 in

739 2690 995 2788 genere
1017 2695 1288 2785 qualem
1322 2719 1394 2764 se
1423 2697 1814 2787 praebuerit
1859 2694 2209 2764 Bentleius
2241 2691 2608 2760 dicendum
2650 2700 2768 2779 est,
2820 2689 2979 2758 nul-
3008 2741 3019 2748 .

741 2798 846 2866 lus
874 2810 974 2868 est
1010 2799 1328 2890 scriptor,
1381 2822 1589 2888 quem
1628 2800 1746 2868 ille
1786 2798 2322 2867 adnotationibus
2357 2795 2767 2879 instruxerit,
2818 2794 2980 2883 quin

737 2899 1249 2972 innumerabilia
1298 2903 1616 2971 exhibeat
1655 2904 1970 2994 ¹exempla
2010 2900 2535 2993 disputationum
2549 2947 2570 2984 ,
2631 2898 2700 2964 in
2736 2898 2978 2987 quibus

744 3007 865 3075 etsi
903 3007 1364 3075 subtilitatem
1411 3006 1642 3077 iudicii
1701 3006 2014 3075 admirari
2073 3005 2440 3073 debeamus
2456 3051 2477 3087 ,
2559 3010 2789 3069 tamen
2842 3022 2977 3068 non

740 3110 1071 3201 possimus
1111 3117 1249 3177 non
1294 3111 1573 3178 abusum
1626 3109 1764 3178 eins
1808 3108 2328 3202 reprehendere.
2449 3106 2720 3175 Etenim
2768 3126 2975 3194 quum

737 3212 858 3281 ille
897 3213 1220 3281 fervidius
1257 3214 1483 3280 omnia
1527 3222 1730 3303 atque
1761 3212 1953 3282 haud
1985 3233 2139 3280 raro
2181 3211 2383 3279 etiam
2417 3209 2727 3300 cupidius
2772 3218 2979 3276 attre-

740 3324 991 3402 ctaret,
1087 3309 1572 3407 saepenumero
1627 3317 1808 3390 elabi
1879 3315 2008 3399 sibi
2064 3335 2294 3406 passus
2336 3323 2448 3383 *est
2502 3336 2620 3399 ea,
2700 3335 2876 3401 quae
2923 3310 2977 3378 si

647 3475 658 3484 .
740 3419 1338 3507 animadvertisset,
1390 3421 1602 3511 longe
1632 3420 1827 3489 aliter
1856 3419 2088 3487 fuisset
2115 3418 2542 3487 iudicaturus·
2650 3418 2827 3484 Nam
2862 3414 2981 3483 etsi

742 3548 937 3594 sensu
974 3525 1095 3594 illo
1113 3574 1134 3610 ,
1188 3547 1395 3613 quem
1434 3524 1752 3608 diximuS,
1802 3524 2076 3591 minime
2123 3524 2398 3591 carebat
2440 3520 2783 3588 Bentleius
2799 3568 2820 3605 ,
2868 3529 2975 3587 ta—

739 3653 896 3698 men
934 3653 1175 3723 saepe,
1224 3628 1600 3696 fervidioris
1633 3636 1909 3697 naturae
1948 3627 2208 3716 impetu
2254 3629 2598 3716 abreptus,
2652 3624 2817 3691 dum
2858 3643 2981 3708 ext-7

739 3733 994 3822 plicare
1042 3757 1200 3803 eum
1244 3733 1357 3801 vel
1396 3732 1827 3824 negligebat,
1901 3730 2016 3801 vel
2063 3731 2155 3798 ob
2196 3729 2295 3797 rei
2340 3729 2814 3798 difficultatem
2851 3726 2979 3812 de-

739 3834 1051 3926 fugiebat
1067 3884 1089 3922 ,
1153 3838 1223 3904 in
1268 3838 1343 3905 iis
1384 3836 1826 3921 retinebatur,
1895 3857 2073 3925 quae
2106 3833 2198 3908 ad
2238 3833 2535 3924 primum
2581 3830 2975 3922 adspectum

741 3958 882 4004 non
931 3941 1087 4007 satis
1138 3939 1504 4040 commode
1550 3940 1736 4008 dicta
1772 3939 2203 4025 videbantur,
2273 3959 2489 4025 eaque
2539 3945 2682 4002 tam
2726 3932 2975 4025 cupide

744 4040 1181 4126 emendabat,
1244 4051 1320 4111 ut
1366 4044 1496 4111 suis
1540 4044 1691 4134 ip‘se
1729 4042 2114 4134 disputandi
2153 4040 2446 4109 artificiis
2499 4047 2736 4130 captus
2754 4087 2775 4127 ,
2840 4057 2976 4104 non

741 4143 1001 4214 videret
1038 4144 1157 4211 illa
1175 4189 1216 4230 ,·
1262 4169 1347 4213 ex
1386 4146 1626 4234 quibus
1670 4143 1927 4217 nnllam
1973 4165 2114 4215 esse
2154 4141 2562 4212 emendandi
2617 4139 2974 4210 necessita—

739 4260 882 4319 tem
907 4246 1288 4339 intelligere
1319 4252 1665 4339 potuisset.
1767 4250 1873 4318 lta
1915 4250 2173 4318 factum
2217 4256 2350 4332 est,
2401 4256 2479 4313 ut
2518 4245 2638 4315 hic
2681 4256 2825 4313 tam
2856 4265 2974 4310 ex·-

741 4354 937 4424 imius
960 4351 1065 4419 vir
1092 4350 1368 4418 minime
1393 4353 1705 4421 eamdem
1733 4353 1805 4420 in
1832 4362 2193 4445 poetarum
2230 4350 2725 4434 emendatione,
2773 4368 2976 4437 quam

742 4458 809 4526 in
857 4452 1272 4549 explicandis
1317 4456 1519 4525 rebus
1551 4455 1886 4528 historicis
1926 4455 2204 4527 laudem
2228 4455 2583 4568 'meruerit-
2684 4451 2978 4562 Verum-
