3325 5317
779 408 911 504 ιω
1239 434 1358 503 ns
1408 430 1891 498 Asscnrm
1940 430 2557 500 nmnmnvs.

778 631 958 700 uno,
1005 615 1084 679 ut
1123 608 1206 678 sit
1248 607 1482 679 sordes
1524 607 1879 680 senectutis
1926 608 2308 701 deponere3
2375 608 2632 697 altero,
2694 611 2773 678 ut
2825 617 3019 680 notet

776 736 1027 807 purum
1073 713 1235 782 senii
1291 722 1493 802 atque
1544 720 1893 805 expertem
1949 713 2137 782 fieri:
2200 712 2392 805 prior
2431 714 2554 783 illa
2612 713 3017 806 significatio

776 816 1033 906 Satyris
1082 816 1309 908 potius
1368 838 1574 906 quam
1607 814 2022 909 >tragoediae
2079 817 2423 901 convenit,
2495 817 2706 884 altera
2762 826 3016 904 autem,

776 928 955 1010 quae
993 921 1219 1012 gravis
1262 928 1361 988 est
1403 927 1473 988 et
1517 917 2036 990 accommodata
2073 920 2338 1012 tragico
2381 917 2533 988 stilo
2552 967 2574 1005 ,
2642 942 2780 989 non
2839 942 3017 1009 qua-

776 1024 934 1091 drat
981 1022 1052 1093 in
1087 1023 1436 1093 hominem
1482 1045 1730 1091 senem.
1835 1021 2066 1106 Quum
2118 1031 2529 1093 autemnon
2568 1020 3016 1099 dubitandum

774 1126 1114 1213 videatur,
1182 1127 1347 1216 quin
1404 1125 1782 1216 Aeschylus
1848 1126 2222 1216 posteriore
2281 1125 2766 1218 significatione
2802 1127 3015 1205 verba

771 1230 896 1299 ina
944 1230 1279 1323 posuerit,
1347 1238 1866 1299 consentaneum
1913 1238 2051 1314 est,
2116 1236 2194 1298 ut
2241 1251 2397 1298 eum
2442 1237 2623 1297 certe
2679 1252 2818 1297 non
2869 1229 3011 1299 hac

775 1333 1039 1421 forma,
1091 1330 1553 1432 καθαίρομαι
1568 1387 1598 1423 ,
1639 1332 1881 1400 dixisse
1918 1341 2298 1402 statuamus.
2364 1332 2542 1400 Nam
2575 1332 2735 1405 licet
2774 1356 3015 1424 gram-

776 1439 1005 1508 matici
1020 1487 1041 1524 ,
1095 1447 1165 1506 et
1207 1437 1275 1505 in
1312 1435 1546 1530 primis
1588 1435 1973 1525 Hesychius
1988 1485 2010 1522 ,
2074 1438 2283 1506 verba
2320 1437 2724 1527 scriptorum
2756 1436 2905 1505 fere
2936 1444 3012 1505 ut

776 1539 969 1633 apud
1012 1563 1127 1610 eos
1169 1539 1417 1632 scripta
1452 1538 1912 1626 inveniebant,
1961 1541 2034 1607 in
2071 1539 2584 1609 commentarios
2635 1561 2791 1606 suos
2828 1540 3011 1608 intu-

678 1728 681 1733 .
772 1645 1004 1730 lerint,
1052 1654 1280 1713 tamen
1319 1664 1542 1732 neque
1584 1664 1857 1732 semper
1896 1643 1972 1711 id
2006 1643 2346 1728 fecerunt,
2399 1651 2467 1710 et
2505 1642 2845 1711 interdum
2873 1665 3011 1712 non

773 1754 955 1818 recte
984 1747 1231 1817 facturi⁴
1266 1745 1587 1839 fuissent,
1644 1754 1721 1812 ut
1763 1743 1907 1816 hoe
1945 1746 2098 1839 ipso
2145 1745 2307 1816 loco
2345 1744 2746 1836 Hesychius,
2850 1746 3014 1833 Qui,

773 1853 830 1920 si
857 1849 1235 1939 Aeschylus
1252 1897 1274 1934 ,
1325 1858 1404 1918 ut
1442 1842 1730 1918 coniicio
1748 1896 1769 1932 ,
1820 1848 2265 1945 καθαίρεται
2310 1850 2696 1939 scripserat,
2748 1860 2865 1918 aut
2901 1851 3013 1918 in·-

768 1963 1043 2046 tegrum
1069 1961 1317 2046 poetae
1362 1952 1595 2023 locum
1627 1950 1864 2019 debuit
1895 1951 2279 2035 adscribere
2298 2000 2320 2040 ,
2371 1960 2522 2041 aut,
2574 1951 2630 2019 si
2666 1973 2856 2022 more
2885 1974 3011 2020 suo

770 2057 1085 2126 brevitati
1123 2055 1394 2125 studere
1443 2055 1689 2141 vellet,
1762 2055 1984 2146 prima
2027 2077 2320 2146 persona
2352 2055 2491 2136 uti:
2582 2054 2778 2123 aliter
2830 2057 3010 2125 enim

679 2163 765 2227 17
778 2181 980 2231 nemo
1024 2183 1163 2230 non
1222 2158 1445 2257 γῆρας
1500 2180 1633 2251 pro
1684 2157 2097 2230 nominativo
2141 2157 2499 2227 habuisset.
2616 2157 2767 2228 Iam
2824 2181 3015 2229 sume

768 2267 908 2334 tale
951 2264 1120 2356 quid
1158 2263 1498 2356 scripsisse
1539 2271 1855 2356 poetam:

1077 2397 1523 2497 καθαίρεται
1575 2398 1653 2475 δὲ
1699 2400 1922 2498 γῆρας
1952 2392 2378 2498 ἀνθρώπων
2429 2393 2677 2496 φύσις,

682 2532 685 2535 ’
772 2550 843 2612 et
865 2535 1156 2610 babebis
1188 2526 1565 2611 orationem
1605 2546 1676 2607 et
1711 2537 2087 2628 Aeschylo
2101 2534 2562 2629 dignissimam
2575 2582 2599 2622 ,
2651 2545 2719 2605 et
2755 2557 3011 2608 conve-

676 2626 683 2641 ³
768 2634 1238 2766 nientissimam
1283 2665 1611 2734 personae
1651 2640 1964 2726 Veneris,
2015 2641 2388 2733 potentiam
2428 2663 2617 2709 suam
2649 2640 3009 2725 declaran-

681 2745 686 2753 ’
974 2747 1187 2831 Quod
1227 2747 1282 2813 si
1310 2748 1489 2830 talis,
1540 2745 1826 2835 qualem
1853 2745 2291 2829 coniecimus,
2341 2732 2470 2815 fuit
2496 2741 2823 2833 Aeschyli
2852 2767 3007 2812 sen-

681 2852 689 2861 ’
768 2825 977 2919 tentia
994 2899 1014 2936 ,
1063 2849 1233 2917 nihil
1274 2849 1591 2941 impedit,
1641 2849 1804 2938 quin
1832 2872 1996 2916 eam
2023 2849 2244 2916 statim
2279 2846 2409 2914 illis
2453 2847 2747 2916 versibus
2762 2894 2784 2932 ,
2835 2868 3009 2935 quos

767 2953 1169 3025 Athenaeus.
1200 2952 1452 3038 habet,
1529 2953 1902 3023 subiectam
1954 2951 2162 3021 fuisse
2197 2948 2543 3043 putemuS,
2628 2951 2686 3017 si
2727 2950 3009 3041 quidem

771 3057 973 3126 etiam
1011 3055 1376 3148 Euripides
1415 3055 1603 3148 apud
1633 3055 2007 3124 Stobaeum
2032 3054 2181 3124 Ecl.
2212 3053 2413 3149 phys.
2443 3052 2497 3118 Ι.
2529 3051 2652 3120 lo.
2694 3053 2767 3120 in
2793 3053 3009 3122 notis-

770 3159 952 3226 simis
995 3160 1294 3227 versibus
1308 3207 1328 3243 ,
1380 3160 1621 3247 quibus
1665 3159 1860 3227 illum
1903 3154 2230 3247 Aeschyli
2271 3154 2505 3226 locum
2544 3156 2839 3239 imitatus
2884 3165 3010 3242 est,

772 3261 1083 3330 eamdem
1133 3261 1523 3330 sententiam
1538 3308 1560 3347 ,
1655 3261 1776 3331 sed
1849 3283 2043 3331 more
2104 3282 2226 3329 suo
2277 3259 2536 3328 tenuius
2598 3281 3011 3354 expressam,

771 3363 1055 3432 addidit.

1076 3495 1261 3575 ὅθεν
1309 3454 1659 3596 ,Recitavit
1720 3500 1801 3598 ζῇ
1846 3474 1930 3577 τὸ
1972 3499 2092 3575 καὶ
2137 3494 2397 3576 θάλλει
2439 3499 2658 3595 γένυς.

684 3632 693 3645 ⁴
736 3622 752 3630 ’
771 3637 1058 3733 Gravius
1115 3637 1364 3706 Statius
1390 3636 1577 3716 silv.
1629 3638 1685 3705 I.
1742 3632 1826 3727 2,
1886 3637 2059 3709 187.

1075 3774 1200 3845 Sic
1248 3792 1491 3845 rerum
1539 3756 1791 3863 series,
1842 3775 2224 3869 mundique
2264 3775 2642 3844 revertitur
2675 3778 2940 3851 aetas.
2959 3870 2982 3884 φ
