3325 5317
706 487 792 550 28
855 484 970 545 DE
1024 480 1440 546 LEGIBVS
1483 469 2044 556 QVIBVSDAM
2100 476 2847 540 SVBTILIORIBVS

911 658 1102 728 Alius
1142 655 1386 725 modus
1427 664 1557 739 est,
1608 676 1819 744 quum
1861 653 2298 746 praeteritum
2335 651 2471 719 tale
2505 659 2604 719 est
2618 698 2639 736 ‚
2693 659 2768 718 nt
2800 648 2938 718 eius

709 762 805 831 vis
835 762 1035 828 etiam
1071 761 1140 828 in
1178 760 1514 851 praesenti
1541 758 1904 847 futuroque
1930 767 2239 848 tempore
2271 762 2679 847 permaneat.
2740 751 2935 819 Iliad.

706 889 773 938 ιι,
808 862 933 935 88.
986 885 1293 956 γνωσεαι
1328 858 1717 980 Ἀτρείδην
1746 857 2304 953 Ἀγαμέμνονα,
2358 885 2493 931 τον
2536 857 2701 975 περὶ
2744 850 2939 928 πάν·-

705 994 886 1041 των
906 960 1088 1047 Ζευς
1141 966 1374 1060 ἐνέηκε
1428 955 1722 1036 πόνοισι
1789 963 2220 1057 διαμπερές,
2291 953 2505 1041 ει’ςόι,ι’
2556 950 2809 1053 οἱῦτμῆ
2859 962 2937 1030 ἐν

708 1063 1062 1164 στήθεσσι
1090 1068 1306 1164 με’νῃ,
1357 1065 1481 1138 καί
1516 1091 1649 1158 μοι
1682 1064 1858 1161 φίλα
1884 1058 2161 1157 γούνάτ
2226 1058 2488 1160 ὀρώρῃ,
2592 1061 2710 1131 Sic
2738 1058 2934 1127 Iliad.

706 1199 776 1245 v.
817 1169 990 1238 313.
1052 1170 1244 1261 (coll.
1294 1197 1372 1264 φ.
1416 1167 1625 1261 373.)
1685 1166 1980 1264 φ.229.
2041 1164 2336 1238 ω,175.
2396 1176 2465 1234 et
2508 1161 2714 1231 194.
2742 1164 2935 1253 (coll.

706 1271 1602 1365 119,14Ί.)Οι1.θ..44
1653 1269 1875 1345 κ,2.1
1911 1268 2206 1344 λ.4.32
2256 1295 2320 1363 ρ.
2377 1263 2938 1361 55ηψ26ῖ.ω

705 1375 881 1444 291.
984 1377 1207 1445 Huius
1253 1374 1518 1473 generis
1568 1386 1670 1444 est
1714 1374 1915 1442 etiam
1945 1373 2088 1442 hoc
2130 1373 2325 1440 Iliad.
2368 1398 2437 1467 η.
2485 1369 2657 1438 394.
2698 1368 2818 1442 καὶ
2861 1369 2941 1442 δὲ

704 1473 874 1553 τόδ’
928 1473 1245 1575 η’νωγεον
1287 1480 1512 1551 εἰπεῖν
1550 1478 1755 1566 ἔπος,
1810 1478 1929 1549 αἴιι
1944 1472 2290 1572 ’ἐθέλητε
2330 1472 2762 1548 παύσασθαι
2808 1498 2943 1545 πο·
2951 1571 2956 1577 ¹

705 1584 959 1675 λε’μοιο
998 1583 1357 1679 ὃυςηχέος,
1412 1574 1629 1661 εἰςόκε
1658 1606 1948 1675 νεκρους
1986 1577 2293 1673 κείομεν.
2401 1578 2745 1668 Compara
2782 1598 2942 1645 eum

703 1685 847 1754 hoo
884 1711 959 1757 π,
1001 1681 1124 1751 61.
1174 1709 1236 1755 σ.
1289 1680 1460 1751 189.
1560 1682 1696 1751 Vix
1736 1705 1911 1774 opus
1959 1690 2093 1766 est,
2161 1691 2238 1751 ιιι
2278 1681 2622 1764 adiiciam,
2692 1678 2941 1747 eodem

701 1787 918 1857 modo
953 1787 1320 1877 particulas
1364 1786 1599 1853 finales
1640 1784 1963 1868 construi,
2016 1785 2135 1853 ubi
2174 1784 2455 1854 effectus
2486 1783 2583 1851 rei
2609 1784 2941 1874 praeteri-

701 1900 818 1958 tae
864 1888 1093 1959 adhuc
1139 1890 1475 1979 praesenti
1514 1899 1825 1979 tempore
1870 1888 2269 1979 conspicuus
2289 1937 2310 1973 ,
2378 1886 2491 1955 vel
2537 1886 2765 1954 futuro
2818 1908 2939 1954 ex-

704 1992 1104 2085 spectandus
1133 2003 1249 2060 est.
1353 1991 1490 2061 od.
1523 2020 1599 2064 ω.
1633 1987 1806 2060 359.
1835 1994 2020 2065 ἔνθα
2059 1992 2136 2065 δὲ
2171 1991 2588 2088 Τηλέμαχον
2617 1987 2938 2080 καὶ-βου-

704 2089 921 2169 κόλον
958 2092 1106 2220 ἠδὲ
1125 2088 1450 2192 συβώτην
1494 2090 1950 2190 προῦπεμψ’,
1996 2120 2086 2174 ως
2127 2122 2218 2166 αν
2261 2097 2549 2167 δεῖπνον
2583 2091 2939 2184 ἐφοπλίσ-

708 2224 887 2272 σωσι
913 2192 1251 2289 τάχιστα,
1352 2198 1434 2266 ln
1461 2199 1855 2298 appar-anda
1887 2197 2071 2265 enim
2097 2220 2311 2269 coena
2340 2196 2569 2272 adhuc
2599 2194 2701 2262 illi
2731 2215 2952 2265 οπο--

702 2302 850 2393 pati
889 2310 1094 2370 erant.
1197 2301 1379 2371 Vide
1424 2302 1638 2371 etiam
1670 2326 1839 2372 vers.
1883 2297 2057 2369 479.

768 2418 795 2430 ·’
909 2405 1128 2476 Ροιιο
1203 2427 1410 2498 quem
1468 2428 1674 2504 supra
1746 2406 1816 2473 in
1881 2402 2245 2475 indicativo
2316 2401 2602 2471 vidimus
2673 2423 2937 2469 morem

692 2507 1128 2578 ‘Graecorum
1145 2557 1165 2593 ,
1251 2510 1553 2602 cogitata
1610 2532 1650 2577 e
1708 2509 2075 2600 praeterito
2126 2515 2436 2596 tempore
2496 2508 2569 2574 in
2595 2551 2601 2560 -
2624 2526 2940 2595 praesens

703 2611 1149 2681 transferendi
1167 2660 1187 2695 ‚
1268 2614 1325 2679 is
1370 2614 1574 2682 etiam
1616 2614 1689 2679 in
1731 2610 2135 2683 coniunctivi
2176 2632 2300 2677 usn
2347 2609 2702 2677 invenitur.
2794 2606 2939 2677 od.

703 2711 983 2787 ..368
1036 2712 1440 2806 ἐμίμνομεν
1467 2710 1575 2810 ηὀῖ
1596 2716 1810 2803 δῖαν,
1872 2715 2293 2811 Τηλέμαχον
2323 2706 2758 2802 λοχόωντες,
2812 2718 2934 2783 ἵνα

700 2815 1091 2913 φθίσωμεν
1132 2808 1433 2896 ἑλόντες.
1484 2816 1678 2883 Iliad.
1725 2841 1787 2888 ο.
1833 2814 2092 2889 2261,
2132 2815 2209 2887 δὲ
2248 2807 2595 2935 λάβοιμι,
2663 2814 2935 2912 ῥίπτα-

707 2941 880 2992 σκον
925 2943 1251 3010 τεταγων
1294 2912 1446 2991 cino*
1489 2916 1760 3016 βηλοῦ,
1803 2913 1983 3015 ὄφρ’
2030 2945 2122 2989 αν
2173 2924 2411 3014 ἵκηται
2451 2917 2583 3014 γῆν
2610 2912 2938 3015 ὀλιγηπε-

704 3023 906 3097 λέων,
1005 3020 1123 3089 Ad
1158 3018 1300 3088 hoc
1342 3043 1556 3113 genus
1588 3021 1925 3113 pertinent
1961 3021 2102 3089 duo
2145 3015 2261 3087 alii
2310 3020 2485 3105 loci,
2554 3020 2797 3088 similes
2836 3019 2940 3087 ini

704 3123 987 3215 quidem
1030 3125 1205 3192 inter
1239 3146 1310 3191 se
1327 3172 1348 3210 ‚
1399 3124 1523 3193 sed
1547 3134 1792 3194 tamen
1801 3123 2314 3215 quodammodo
2347 3123 2690 3215 oppositi:
2739 3122 2937 3191 Iliad.

705 3225 997 3312 &161-
1065 3224 1192 3316 ἥδε
1248 3228 1332 3300 δέ
1373 3234 1447 3301 οἱ
1484 3221 1677 3300 κατοέ
1716 3222 1964 3322 θυμον
2019 3224 2275 3353 α’ρίστη
2319 3227 2623 3322 φαίνετο
2670 3220 2931 3323 βουλή,

706 3335 952 3405 ἐλθεῖν
978 3332 1074 3410 εἰς
1106 3328 1305 3427 Ἴδην
1335 3326 1418 3403 εὖ
1453 3323 1854 3404 ἐντυνασαν
1902 3331 1939 3405 ἓ
1950 3324 2242 3456 nadrffv,
2298 3334 2374 3402 εἴ
2391 3356 2535 3411 πως
2564 3330 2938 3454 ἱμείραιτο

583 3487 589 3516 =
705 3432 1254 3554 παραδραθέειν
1291 3426 1629 3556 φιλότητι
1677 3429 1729 3529 ᾗ
1765 3434 2005 3557 χροιῇ,
2058 3434 2167 3530 τῷ
2198 3430 2271 3505 δ’
2316 3431 2547 3507 ὕπνον
2590 3424 2938 3529 οἷπήμονοί

700 3565 791 3611 τε
839 3529 1096 3631 λιαρόν
1136 3562 1221 3608 τε
1263 3530 1435 3631 χεύὴ
1483 3535 1600 3609 ἐπὶ
1646 3530 2127 3633 βλεφαροισιν
2182 3538 2288 3611 ἴδε
2337 3535 2546 3633 φρεσι
2591 3533 2933 3608 πευκαλί-

705 3664 927 3736 μῃσιν
942 3688 964 3724 ,
1026 3639 1143 3708 ubi
1191 3639 1526 3729 optativus
1565 3647 1634 3705 et
1679 3640 2137 3709 coniunctivus
2171 3641 2477 3730 personis
2519 3638 2938 3729 distinguen-

707 3742 811 3809 dis
844 3742 1239 3864 inserviunt3
1295 3742 1389 3808 ita
1436 3740 1716 3831 quidem
1760 3751 1836 3810 ut
1867 3736 2073 3840 χεύῃ,
2142 3743 2331 3832 quod
2373 3741 2654 3835 proprie
2697 3752 2797 3810 est
2837 3763 2936 3809 an

700 3842 1003 3928 debeat,
1071 3845 1160 3912 ad
1210 3847 1429 3936 ipsam
1472 3845 1804 3913 Iunonem
1842 3846 2186 3914 referatur.
2289 3847 2558 3916 Eadem
2608 3866 2931 3934 persona-

699 3970 858 4015 ιιιιιι
907 3946 1278 4034 distinctio,
1328 3948 1509 4017 sed
1489 3971 1748 4017 inversa
1793 3951 2090 4035 ratione,
2140 3960 2211 4018 et
2240 3961 2423 4019 recte
2465 3948 2738 4037 quidem
2755 3997 2775 4032 ,
2826 3948 2935 4014 in-

708 4049 969 4119 venitur
999 4077 1074 4121 π.
1105 4047 1279 4118 646.
1315 4051 1403 4120 de
1433 4052 1628 4122 Iove.
1679 4051 1797 4125 καὶ
1826 4046 2138 4148 φραζετο
2171 4053 2425 4146 θυμῷ,
2481 4044 2715 4124 πολλα
2753 4044 2935 4143 μαλ

710 4150 903 4249 αμφὶ
930 4147 1128 4249 φόνῳ
1168 4148 1604 4250 Πατρόκλου
1592 4155 2107 4284 μερμηρίζων,
2160 4155 2209 4251 ἢ
2239 4154 2368 4253 ἤδη
2399 4154 2538 4227 καὶ
2562 4159 2797 4226 κεῖνον
2827 4153 2937 4227 ἑνὶ

707 4257 1025 4354 κρατερῇ
1065 4254 1330 4353 υσμίνῃ
1388 4253 1623 4330 αὐτοῦ
1678 4262 1764 4332 επ
1840 4255 2160 4353 ἄντιθέω
2206 4250 2629 4378 Σαρπηδόνι
2674 4254 2935 4349 φαίδι-

707 4386 845 4453 μος
886 4357 1179 4456 Εκτωρ
1222 4358 1465 4452 χαλκῷΙ
1496 4355 1767 4456 δῃώσῃ,
1822 4387 1968 4433 απο
2013 4356 2093 4431 τ’
2134 4359 2348 4455 ω’μων
2391 4353 2617 4448 τεύχε’
2662 4363 2935 4455 ἕληται,

711 4463 758 4559 ἢ
793 4464 905 4539 ἔτι
933 4490 1054 4537 και
1095 4456 1514 4539 πλεόνεσσιν
1544 4461 1911 4562 ὀφέλλειεν
1948 4456 2176 4539 πόνον
2218 4458 2454 4537 αἰπύν.
2561 4462 2772 4531 Aliud
2798 4462 2937 4529 hu
