3325 5317
758 460 889 523 18⁶
989 454 1091 518 DE
1129 454 1653 518 MYTHOLOGLA
1698 454 2186 519 cmconvm
2225 456 2782 533 ANTIQVISSIMA

755 628 908 698 tinia
947 651 994 696 a
1031 624 1332 697 creando
1377 624 1586 696 Ceres
1626 626 1848 714 dicta,
1912 650 2093 718 quae
2141 639 2243 698 est
2281 630 2527 715 victus,
2576 650 2785 719 quem
2823 638 3003 698 terra

755 733 1076 826 praebet:
1139 730 1210 798 in
1244 752 1384 820 quo
1426 731 1775 822 proximus
1817 755 1862 800 a
1900 740 2085 801 certa
2133 732 2298 802 sede
2346 732 2677 803 domicilii
2710 734 3004 802 cernitur

754 836 932 906 vitae
979 833 1394 904 excolendae
1448 834 1727 928 gradus.
1806 834 2079 905 ·Tertia
2130 846 2232 905 est
2270 833 2480 935 Ἠρη
2494 891 2523 926 ,
2590 835 3000 927 Populonia,

753 962 963 1030 quam
1002 936 1470 1029 Empedocles
1529 946 1598 1006 et
1643 939 1895 1009 caeteri
1946 948 2203 1009 veterae
2261 940 2433 1008 aeris
2485 941 2843 1031 regionem
2894 940 3001 1007 in-

755 1042 1075 1113 feriorem
1116 1064 1259 1110 esse
1306 1049 1646 1132 putarunt.
1747 1043 1843 1111 At
1887 1051 1959 1114 et
1998 1065 2246 1112 nomen
2289 1043 2430 1120 eius
2447 1091 2473 1129 ‚
2539 1042 2733 1132 quod
2774 1045 2864 1112 ab
2919 1065 3000 1111 ea

753 1145 986 1216 radice
1034 1154 1169 1232 est,
1219 1139 1405 1213 unde
1451 1140 1757 1243 α’ραρεῖν
1787 1153 1858 1215 et
1886 1141 2232 1244 οἷρηρέναι
2244 1200 2275 1237 ,
2327 1153 2661 1215 servatum
2707 1146 2779 1214 in
2816 1146 2999 1216 Ger-

751 1249 1020 1321 manico
1066 1248 1243 1318 heer'
1259 1295 1284 1334 ‚
1360 1256 1430 1319 et
1469 1269 1720 1318 nomen
1774 1244 2145 1346 Ἡρακλῆς
2155 1304 2185 1340 ,
2280 1259 2350 1319 et
2392 1250 2789 1344 coniugium
2840 1272 2999 1320 cum

752 1355 952 1440 Iove,
1004 1362 1074 1422 et
1092 1360 1468 1446 perpetuae
1501 1372 1661 1421 cum
1707 1373 1794 1421 eo
1820 1352 2041 1440 rixae,
2092 1362 2161 1424 et
2195 1354 2561 1446 impeditus
2588 1363 2821 1448 pastus
2856 1353 2998 1421 La-

749 1466 955 1527 tonae
970 1505 996 1543 ‚
1062 1465 1134 1524 et
1171 1456 1514 1547 profectio
1545 1455 1618 1524 in
1664 1464 1992 1528 extremas
2024 1465 2353 1528 terrarum
2399 1480 2551 1527 oras
2592 1458 2689 1526 ad
2718 1455 2998 1546 Tethyn

753 1560 1036 1632 Oceano
1066 1558 1639 1631 reconciliandam
1661 1607 1685 1645 ‚
1737 1567 1806 1629 et
1846 1568 2189 1630 certamen
2225 1584 2385 1634 cum
2426 1560 2678 1647 Diana,
2731 1561 2824 1629 de
2860 1581 2998 1650 quo

751 1689 931 1756 quae
972 1672 1161 1732 recte
1214 1662 1396 1732 dicta
1438 1664 1706 1733 fuerant
1749 1663 1819 1730 in
1859 1663 2092 1734 Iliadis
2144 1666 2265 1739 lib.
2308 1665 2459 1736 XX.
2494 1664 2725 1756 inepte
2762 1663 3001 1733 reficta

752 1780 903 1840 suut
941 1769 1015 1836 in
1054 1766 1178 1834 lib.
1217 1765 1402 1834 XXI.
1417 1830 1425 1839 .
1443 1788 1584 1834 uon
1634 1766 1855 1835 sinunt
1907 1766 2258 1855 dubitare,
2314 1769 2512 1859 quin,
2592 1767 2712 1859 qui
2766 1757 2998 1835 tertius

751 1871 1007 1965 gradus
1060 1877 1158 1938 eet
1209 1869 1610 1960 perficiendi
1676 1870 1897 1942 cultus
1910 1918 1935 1957 ,
2015 1873 2566 1941 communitatem
2625 1872 2998 1940 debeamus

749 1977 930 2044 vitae
969 1969 1235 2042 socialis
1263 1972 1666 2065 intelligere.
1766 1974 1887 2043 Ad
1930 1997 2222 2066 eumque
2266 1974 2552 2045 modum
2599 1972 2999 2066 explicanda

602 2157 612 2166 ‚
753 2079 880 2149 erit
930 2076 1165 2146 fabula
1184 2123 1207 2162 ,
1277 2099 1453 2166 quae
1496 2079 1571 2166 in
1613 2075 1961 2170 principio
2020 2079 2135 2147 lib.
2187 2080 2340 2166 XV.
2393 2079 2626 2147 Iliadis
2673 2086 2994 2146 narratur.

749 2183 1021 2256 Fratres
1059 2179 1304 2249 harum
1334 2189 1485 2250 sunt
1522 2176 1777 2281 Ἀΐδης
1791 2235 1821 2271 ,
1874 2183 1941 2249 N
1942 2183 2173 2252 elucus
2186 2231 2209 2269 ‚
2261 2202 2399 2274 quo
2426 2183 2714 2270 nomine
2746 2181 2996 2250 intelli-

749 2294 1003 2380 guntur
1046 2284 1205 2355 loca
1243 2283 1420 2352 infra
1460 2293 1711 2353 terram
1757 2284 2019 2367 abdita3
2090 2279 2548 2368 Ποσειδάων,
2619 2287 2688 2353 N
2691 2295 2996 2376 eptunuS,

747 2391 869 2481 qui
909 2412 1096 2468 mare
1138 2396 1362 2474 notat,
1429 2387 1621 2477 quod
1658 2397 1911 2458 terram
1957 2388 2201 2484 cingit:
2266 2412 2350 2458 ex
2402 2410 2542 2478 quo
2596 2365 2994 2502 ‚fl‘ffq'wfflo'ae

745 2495 817 2566 T
819 2492 1188 2563 elluricinx.
1294 2484 1726 2565 Ποσειδάων
1753 2492 1905 2590 ille,
1959 2494 2099 2561 sive
2130 2492 2523 2577 Ποδειδοῖν,
2571 2491 2666 2560 de
2698 2513 2838 2581 quo
2866 2513 3007 2559 rio-2

748 2599 930 2667 mine
969 2597 1140 2667 mira
1166 2595 1758 2668 comminiscuntur
1786 2597 2215 2690 grammatici
2229 2644 2251 2681 ,
2303 2619 2345 2662 a
2384 2591 2606 2663 verbis
2645 2589 2854 2675 πόσις
2883 2594 2994 2662 vel

749 2692 982 2773 ποτδν
1016 2708 1086 2767 ‘et
1118 2701 1453 2772 εἴδεσθαι
1480 2698 1738 2785 dictuS,
1791 2698 1982 2788 quod
2020 2700 2253 2791 potilis
2286 2697 2588 2783 videtur,
2638 2721 2851 2787 quum
2884 2707 2991 2765 ta-

750 2826 909 2871 men
936 2811 1223 2894 propter
1253 2801 1713 2870 salsitudinem
1753 2803 1902 2871 bibi
1943 2812 2253 2893 nequeat.
2354 2802 2468 2871 Ab
2510 2801 2755 2870 eadem
2798 2825 2873 2869 re
2909 2803 2994 2870 ab
3084 2803 3088 2807 ’

615 2917 628 2926 “
748 2906 1075 2975 Romanis
1116 2906 1502 2995 Neptunus»,
1567 2905 1760 2995 quasi
1805 2907 2240 2998 NepotunuS,
2301 2914 2599 2974 vocatur.
2700 2904 2995 2973 Vltimus

752 3017 850 3086 est
880 3002 1060 3089 Ζεύς
1071 3062 1100 3097 ,
1153 3008 1439 3077 Fervius
1457 3056 1478 3093 ‚
1538 3009 1656 3097 qui
1685 3010 1845 3081 loca
1870 3018 2102 3079 tenens
2129 3034 2246 3096 ea,
2299 3031 2475 3099 quae
2511 3030 2716 3102 supra
2742 3017 2995 3078 terram

747 3122 899 3182 sunt
913 3161 935 3198 ,
999 3112 1338 3211 fervorem
1401 3112 1831 3185 animabilem
1894 3124 2118 3202 notat,
2198 3113 2389 3205 quod
2445 3109 2744 3182 caelestis
2806 3113 2996 3182 calor

747 3216 1014 3285 fervere
1055 3214 1280 3303 omnia
1322 3223 1390 3282 et
1432 3216 1664 3308 vigere
1706 3215 1888 3286 facit.
1991 3219 2087 3287 Et
2125 3218 2444 3308 quoniam
2492 3215 2750 3284 ibidem
2792 3217 2995 3284 etiam

735 3317 1178 3412 'tempestates
1208 3318 1646 3409 concitantur,
1697 3320 1960 3388 fulmen
1988 3323 2053 3390 ei
2085 3344 2168 3390 ac
2194 3322 2444 3389 tonitru
2472 3320 2743 3387 tributa.
2796 3319 2996 3405 Quae

746 3435 997 3495 attexta
1041 3423 1163 3494 hic
1206 3432 1306 3491 est
1357 3425 1444 3490 ab
1496 3422 1807 3494 Hesiodo
1849 3424 2081 3495 fabula
2128 3425 2219 3493 de
2276 3425 2567 3494 Saturno
2606 3434 2804 3492 ,natos
2841 3443 2997 3491 suos
3138 3503 3160 3529 ·

640 3523 645 3530 ’
744 3529 1115 3599 devorante
1128 3577 1149 3616 ,
1202 3526 1292 3596 de
1329 3549 1412 3595 ea
1450 3525 1627 3595 infra
1670 3527 1953 3598 dicetur.

651 3804 657 3810 ,
949 3737 1173 3806 Antea
1200 3733 1380 3805 enim
1407 3732 1987 3830 commemorandi
2014 3727 2165 3805 sunt
2187 3731 2407 3802 ultimi
2428 3731 2777 3818 Titanum,
2824 3727 2989 3805 ’Ia-

748 3831 1003 3925 πετός,
1082 3839 1446 3928 Mersiu3‚·
1488 3847 1557 3908 et
1601 3839 1991 3933 Κλυμένη,
2072 3835 2417 3921 Cluentia,
2501 3836 2651 3903 fitia
2696 3835 2989 3910 Oceani.

748 3941 847 4008 Hi
889 3951 1207 4029 quattuor
1250 3966 1552 4035 genuere
1594 3941 1810 4028 filios,
1875 3940 2217 4010 Atlantem
2230 3989 2254 4024 ,
2304 3938 2762 4024 Menoetium,
2814 3941 2992 4010 Pro-

747 4039 1097 4113 metheum
1115 4096 1136 4133 ‚
1175 4045 1709 4137 ·E12imetheum.
1826 4045 1984 4114 Non
2043 4052 2146 4115 est
2199 4044 2598 4128 obscurum,
2655 4043 2993 4134 pertinere
3050 4097 3057 4102 .
3183 4064 3187 4067 ’

747 4146 927 4219 haec
956 4146 1048 4215 ad
1071 4150 1461 4241 navigantes
1480 4199 1501 4235 ,
1552 4149 1669 4238 qui
1699 4149 1777 4217 in
1799 4172 1987 4217 mare
2013 4147 2197 4214 fama
2225 4148 2437 4215 modo
2467 4148 2822 4237 cognitum
2862 4145 2990 4213 de-

746 4252 901 4338 lati,
953 4250 1301 4322 confracta
1336 4254 1512 4339 navi,
1560 4253 1801 4344 ignoto
1831 4251 1901 4320 in
1927 4252 2154 4319 littore
2195 4250 2390 4319 eiecti
2424 4250 2692 4319 fuerint.
2794 4250 2989 4319 Alius

749 4356 1017 4427 fortiter
1054 4356 1279 4422 omnia
1312 4356 1494 4423 mala
1545 4356 1878 4440 sustinuit,
1946 4355 2068 4444 qui
2114 4361 2213 4423 est
2265 4351 2543 4435 ’'Aa-Zac
2558 4401 2579 4438 ‚
2659 4353 2987 4435 Sufferuffi

752 4460 1021 4534 caelum
1048 4459 1367 4531 sustinere
1406 4458 1622 4532 dictus
1638 4507 1660 4547 ,
1713 4457 1905 4550 quod
1922 4459 2013 4527 *in*
2031 4458 2340 4530 extremis
2365 4458 2499 4527 oris
2525 4462 2776 4526 terram
2815 4478 2988 4528 con-
