<?xml version="1.0" encoding="UTF-8"?>
<!DOCTYPE html PUBLIC "-//W3C//DTD XHTML 1.0 Transitional//EN"
    "http://www.w3.org/TR/xhtml1/DTD/xhtml1-transitional.dtd">
<html xmlns="http://www.w3.org/1999/xhtml" xml:lang="en" lang="en">
 <head>
  <title>
</title>
<meta http-equiv="Content-Type" content="text/html;charset=utf-8" />
  <meta name='ocr-system' content='tesseract 3.04.00' />
  <meta name='ocr-capabilities' content='ocr_page ocr_carea ocr_par ocr_line ocrx_word'/>
</head>
<body>
  <div class='ocr_page' id='page_1' title='image "./godofrediherman01fritgoog_0261.png"; bbox 0 0 3325 5317; ppageno 0'>
   <div class='ocr_carea' id='block_1_1' title="bbox 1019 481 2642 548">
    <p class='ocr_par' dir='ltr' id='par_1_1' title="bbox 1019 481 2642 548">
     <span class='ocr_line' id='line_1_1' title="bbox 1019 481 2642 548; baseline 0.003 -5"><span class='ocrx_word' id='word_1_1' title='bbox 1019 481 1380 544; x_wconf 84' lang='grc' dir='ltr'><em>ΕΣΜΟΣ</em></span> <span class='ocrx_word' id='word_1_2' title='bbox 1432 484 2642 548; x_wconf 70' lang='lat' dir='ltr'><strong>MEA122H2.25·6</strong></span> 
     </span>
    </p>
   </div>
   <div class='ocr_carea' id='block_1_2' title="bbox 313 645 2734 2889">
    <p class='ocr_par' dir='ltr' id='par_1_2' title="bbox 313 645 2734 2889">
     <span class='ocr_line' id='line_1_2' title="bbox 401 645 2641 776; baseline 0.001 -52"><span class='ocrx_word' id='word_1_3' title='bbox 401 648 669 743; x_wconf 74' lang='grc' dir='ltr'><strong><em>ἑσμοῦ,</em></strong></span> <span class='ocrx_word' id='word_1_4' title='bbox 748 647 919 725; x_wconf 80' lang='grc' dir='ltr'><strong>οὔτ’</strong></span> <span class='ocrx_word' id='word_1_5' title='bbox 987 650 1105 726; x_wconf 71' lang='grc' dir='ltr'><strong>ἐπὶ</strong></span> <span class='ocrx_word' id='word_1_6' title='bbox 1165 645 1478 776; x_wconf 73' lang='grc' dir='ltr'><strong><em>βοσκῆν,</em></strong></span> <span class='ocrx_word' id='word_1_7' title='bbox 1550 648 1720 727; x_wconf 81' lang='grc' dir='ltr'><strong>οὔτ’</strong></span> <span class='ocrx_word' id='word_1_8' title='bbox 1777 650 2024 736; x_wconf 77' lang='grc' dir='ltr'><strong>ἄλλως.</strong></span> <span class='ocrx_word' id='word_1_9' title='bbox 2097 654 2278 750; x_wconf 81' lang='grc' dir='ltr'><strong>φασὶ</strong></span> <span class='ocrx_word' id='word_1_10' title='bbox 2329 650 2449 726; x_wconf 69' lang='grc' dir='ltr'><strong>καὶ</strong></span> <span class='ocrx_word' id='word_1_11' title='bbox 2510 645 2641 727; x_wconf 63' lang='grc' dir='ltr'>ἐα-ιν</span> 
     </span>
     <span class='ocr_line' id='line_1_3' title="bbox 397 750 2645 853; baseline 0.002 -29"><span class='ocrx_word' id='word_1_12' title='bbox 397 750 891 853; x_wconf 71' lang='grc' dir='ltr'>αποπλανηθῇ</span> <span class='ocrx_word' id='word_1_13' title='bbox 939 753 983 830; x_wconf 83' lang='lat' dir='ltr'><strong>o‘</strong></span> <span class='ocrx_word' id='word_1_14' title='bbox 1032 749 1395 851; x_wconf 73' lang='grc' dir='ltr'><strong>ἄφεσμός,</strong></span> <span class='ocrx_word' id='word_1_15' title='bbox 1467 750 1985 845; x_wconf 69' lang='grc' dir='ltr'>α’νιχνευούσας</span> <span class='ocrx_word' id='word_1_16' title='bbox 2037 757 2440 851; x_wconf 72' lang='grc' dir='ltr'><strong><em>μεταθεῖν,</em></strong></span> <span class='ocrx_word' id='word_1_17' title='bbox 2504 761 2645 837; x_wconf 74' lang='grc' dir='ltr'><strong>ἕως</strong></span> 
     </span>
     <span class='ocr_line' id='line_1_4' title="bbox 401 852 2639 981; baseline 0.001 -53"><span class='ocrx_word' id='word_1_18' title='bbox 401 884 496 928; x_wconf 77' lang='grc' dir='ltr'><strong>αν</strong></span> <span class='ocrx_word' id='word_1_19' title='bbox 550 854 815 953; x_wconf 79' lang='grc' dir='ltr'>εὕρωσι</span> <span class='ocrx_word' id='word_1_20' title='bbox 872 852 1008 932; x_wconf 71' lang='grc' dir='ltr'><strong>τᾶν</strong></span> <span class='ocrx_word' id='word_1_21' title='bbox 1055 852 1380 981; x_wconf 78' lang='grc' dir='ltr'><strong>ηγεμόνα</strong></span> <span class='ocrx_word' id='word_1_22' title='bbox 1432 859 1527 955; x_wconf 86' lang='grc' dir='ltr'><strong>τῇ</strong></span> <span class='ocrx_word' id='word_1_23' title='bbox 1566 854 1790 955; x_wconf 82' lang='grc' dir='ltr'>ὀσμῇ</span> <span class='ocrx_word' id='word_1_24' title='bbox 1832 861 2156 952; x_wconf 63' lang='lat' dir='ltr'><strong>‘&#39;hyat-aa</strong></span> <span class='ocrx_word' id='word_1_25' title='bbox 2205 860 2282 933; x_wconf 72' lang='grc' dir='ltr'><strong>δὲ</strong></span> <span class='ocrx_word' id='word_1_26' title='bbox 2328 857 2449 931; x_wconf 76' lang='grc' dir='ltr'><strong>και</strong></span> <span class='ocrx_word' id='word_1_27' title='bbox 2498 861 2639 951; x_wconf 81' lang='grc' dir='ltr'><strong>φέ-</strong></span> 
     </span>
     <span class='ocr_line' id='line_1_5' title="bbox 402 953 2642 1058; baseline 0.001 -28"><span class='ocrx_word' id='word_1_28' title='bbox 402 967 673 1055; x_wconf 78' lang='grc' dir='ltr'>ρεσθαι</span> <span class='ocrx_word' id='word_1_29' title='bbox 721 953 953 1033; x_wconf 77' lang='grc' dir='ltr'><strong>αὖτόν</strong></span> <span class='ocrx_word' id='word_1_30' title='bbox 994 954 1143 1034; x_wconf 80' lang='grc' dir='ltr'><strong>υπό</strong></span> <span class='ocrx_word' id='word_1_31' title='bbox 1182 960 1324 1035; x_wconf 75' lang='grc' dir='ltr'><strong>τοῦ</strong></span> <span class='ocrx_word' id='word_1_32' title='bbox 1355 962 1621 1055; x_wconf 77' lang='grc' dir='ltr'><strong><em>ἑσμοῦ,</em></strong></span> <span class='ocrx_word' id='word_1_33' title='bbox 1676 960 1861 1035; x_wconf 68' lang='grc' dir='ltr'><strong>ὅταν</strong></span> <span class='ocrx_word' id='word_1_34' title='bbox 1885 959 2246 1036; x_wconf 72' lang='grc' dir='ltr'>πέτεσθαι</span> <span class='ocrx_word' id='word_1_35' title='bbox 2274 955 2383 1058; x_wconf 80' lang='grc' dir='ltr'><em>μή</em></span> <span class='ocrx_word' id='word_1_36' title='bbox 2415 955 2642 1058; x_wconf 76' lang='grc' dir='ltr'><em>δύνη-</em></span> 
     </span>
     <span class='ocr_line' id='line_1_6' title="bbox 403 1056 2734 1161; baseline 0 -29"><span class='ocrx_word' id='word_1_37' title='bbox 403 1077 569 1133; x_wconf 87' lang='grc' dir='ltr'>ται·</span> <span class='ocrx_word' id='word_1_38' title='bbox 621 1062 742 1134; x_wconf 78' lang='grc' dir='ltr'><strong>και</strong></span> <span class='ocrx_word' id='word_1_39' title='bbox 768 1056 894 1136; x_wconf 76' lang='grc' dir='ltr'><strong>εὀἷν</strong></span> <span class='ocrx_word' id='word_1_40' title='bbox 927 1057 1317 1161; x_wconf 70' lang='grc' dir='ltr'>ἀπόληται,</span> <span class='ocrx_word' id='word_1_41' title='bbox 1351 1060 1815 1138; x_wconf 74' lang='grc' dir='ltr'>ἀπόλλυσθαι</span> <span class='ocrx_word' id='word_1_42' title='bbox 1847 1058 1984 1137; x_wconf 78' lang='grc' dir='ltr'><strong>τόν</strong></span> <span class='ocrx_word' id='word_1_43' title='bbox 2017 1059 2375 1160; x_wconf 77' lang='grc' dir='ltr'><strong>α’φεσμόν.</strong></span> <span class='ocrx_word' id='word_1_44' title='bbox 2429 1061 2734 1149; x_wconf 65' lang='lat' dir='ltr'><strong>Quodn</strong></span> 
     </span>
     <span class='ocr_line' id='line_1_7' title="bbox 404 1159 2649 1289; baseline 0.001 -56"><span class='ocrx_word' id='word_1_45' title='bbox 404 1163 862 1234; x_wconf 86' lang='lat' dir='ltr'><strong>Schneiderus</strong></span> <span class='ocrx_word' id='word_1_46' title='bbox 891 1166 1117 1252; x_wconf 80' lang='lat' dir='ltr'><strong>dedit,</strong></span> <span class='ocrx_word' id='word_1_47' title='bbox 1173 1165 1216 1241; x_wconf 80' lang='grc' dir='ltr'>ὁ</span> <span class='ocrx_word' id='word_1_48' title='bbox 1248 1163 1491 1240; x_wconf 77' lang='grc' dir='ltr'>αὐτων</span> <span class='ocrx_word' id='word_1_49' title='bbox 1524 1160 1805 1289; x_wconf 39' lang='grc' dir='ltr'><em>ἑσμοὶ..</em></span> <span class='ocrx_word' id='word_1_50' title='bbox 1825 1176 1894 1235; x_wconf 90' lang='lat' dir='ltr'><strong>et</strong></span> <span class='ocrx_word' id='word_1_51' title='bbox 1942 1161 2077 1241; x_wconf 61' lang='grc' dir='ltr'><strong>τὼν</strong></span> <span class='ocrx_word' id='word_1_52' title='bbox 2115 1165 2360 1242; x_wconf 72' lang='grc' dir='ltr'>αὐτῶν</span> <span class='ocrx_word' id='word_1_53' title='bbox 2392 1159 2649 1259; x_wconf 69' lang='grc' dir='ltr'><em>ἑσμόν,</em></span> 
     </span>
     <span class='ocr_line' id='line_1_8' title="bbox 401 1266 2653 1361; baseline 0 -26"><span class='ocrx_word' id='word_1_54' title='bbox 401 1269 515 1335; x_wconf 89' lang='lat' dir='ltr'><strong>vel</strong></span> <span class='ocrx_word' id='word_1_55' title='bbox 558 1278 846 1361; x_wconf 87' lang='lat' dir='ltr'><strong>propter</strong></span> <span class='ocrx_word' id='word_1_56' title='bbox 891 1269 1125 1338; x_wconf 88' lang='lat' dir='ltr'><strong>inutile</strong></span> <span class='ocrx_word' id='word_1_57' title='bbox 1168 1286 1548 1361; x_wconf 82' lang='lat' dir='ltr'><strong>pronomen</strong></span> <span class='ocrx_word' id='word_1_58' title='bbox 1603 1266 1847 1343; x_wconf 75' lang='grc' dir='ltr'>αὐτῶν</span> <span class='ocrx_word' id='word_1_59' title='bbox 1898 1293 2033 1338; x_wconf 90' lang='grc' dir='ltr'>ιιοιι</span> <span class='ocrx_word' id='word_1_60' title='bbox 2047 1267 2343 1339; x_wconf 88' lang='lat' dir='ltr'><strong>videtur</strong></span> <span class='ocrx_word' id='word_1_61' title='bbox 2384 1270 2653 1338; x_wconf 78' lang='lat' dir='ltr'><strong>admitti</strong></span> 
     </span>
     <span class='ocr_line' id='line_1_9' title="bbox 400 1371 2652 1464; baseline 0 -25"><span class='ocrx_word' id='word_1_62' title='bbox 400 1393 624 1464; x_wconf 89' lang='lat' dir='ltr'><strong>posse.</strong></span> <span class='ocrx_word' id='word_1_63' title='bbox 729 1371 867 1457; x_wconf 81' lang='lat' dir='ltr'><strong>Qui</strong></span> <span class='ocrx_word' id='word_1_64' title='bbox 913 1383 1222 1443; x_wconf 87' lang='lat' dir='ltr'><strong>accurate</strong></span> <span class='ocrx_word' id='word_1_65' title='bbox 1264 1372 1786 1442; x_wconf 82' lang='lat' dir='ltr'><strong>consideraverit</strong></span> <span class='ocrx_word' id='word_1_66' title='bbox 1826 1375 2035 1443; x_wconf 85' lang='lat' dir='ltr'><strong>verba</strong></span> <span class='ocrx_word' id='word_1_67' title='bbox 2084 1374 2489 1459; x_wconf 77' lang='lat' dir='ltr'><strong>Aristotelis,</strong></span> <span class='ocrx_word' id='word_1_68' title='bbox 2541 1372 2652 1440; x_wconf 80' lang='lat' dir='ltr'><strong>fa·-</strong></span> 
     </span>
     <span class='ocr_line' id='line_1_10' title="bbox 405 1468 2651 1600; baseline 0.002 -57"><span class='ocrx_word' id='word_1_69' title='bbox 405 1475 537 1543; x_wconf 88' lang='lat' dir='ltr'><strong>cile</strong></span> <span class='ocrx_word' id='word_1_70' title='bbox 564 1476 917 1595; x_wconf 81' lang='lat' dir='ltr'><strong>intelliget,</strong></span> <span class='ocrx_word' id='word_1_71' title='bbox 971 1469 1197 1569; x_wconf 76' lang='grc' dir='ltr'>ἑσμόν</span> <span class='ocrx_word' id='word_1_72' title='bbox 1227 1477 1527 1545; x_wconf 84' lang='lat' dir='ltr'><strong>universe</strong></span> <span class='ocrx_word' id='word_1_73' title='bbox 1553 1476 1692 1545; x_wconf 94' lang='lat' dir='ltr'><strong>dici</strong></span> <span class='ocrx_word' id='word_1_74' title='bbox 1725 1499 2004 1547; x_wconf 82' lang='lat' dir='ltr'><strong>examen</strong></span> <span class='ocrx_word' id='word_1_75' title='bbox 2031 1500 2262 1568; x_wconf 83' lang='lat' dir='ltr'><strong>apum,</strong></span> <span class='ocrx_word' id='word_1_76' title='bbox 2296 1468 2651 1600; x_wconf 44' lang='lat' dir='ltr'><strong>rimam&amp;</strong></span> 
     </span>
     <span class='ocr_line' id='line_1_11' title="bbox 405 1569 2651 1672; baseline 0 -27"><span class='ocrx_word' id='word_1_77' title='bbox 405 1587 668 1663; x_wconf 86' lang='lat' dir='ltr'><strong>autem,</strong></span> <span class='ocrx_word' id='word_1_78' title='bbox 719 1569 794 1650; x_wconf 85' lang='lat' dir='ltr'><strong>id</strong></span> <span class='ocrx_word' id='word_1_79' title='bbox 836 1579 1024 1669; x_wconf 90' lang='lat' dir='ltr'><strong>quod</strong></span> <span class='ocrx_word' id='word_1_80' title='bbox 1067 1581 1276 1670; x_wconf 90' lang='lat' dir='ltr'><strong>plane</strong></span> <span class='ocrx_word' id='word_1_81' title='bbox 1314 1603 1470 1650; x_wconf 90' lang='lat' dir='ltr'><strong>cum</strong></span> <span class='ocrx_word' id='word_1_82' title='bbox 1520 1605 1600 1649; x_wconf 94' lang='lat' dir='ltr'><strong>ea</strong></span> <span class='ocrx_word' id='word_1_83' title='bbox 1634 1603 1842 1670; x_wconf 82' lang='lat' dir='ltr'><strong>quam</strong></span> <span class='ocrx_word' id='word_1_84' title='bbox 1875 1581 2168 1649; x_wconf 87' lang='lat' dir='ltr'><strong>indicavi</strong></span> <span class='ocrx_word' id='word_1_85' title='bbox 2216 1579 2481 1672; x_wconf 85' lang='lat' dir='ltr'><strong>origine</strong></span> <span class='ocrx_word' id='word_1_86' title='bbox 2522 1600 2651 1646; x_wconf 91' lang='lat' dir='ltr'><strong>vo-</strong></span> 
     </span>
     <span class='ocr_line' id='line_1_12' title="bbox 313 1682 2651 1803; baseline -0.003 -47"><span class='ocrx_word' id='word_1_87' title='bbox 313 1743 328 1756; x_wconf 83' lang='lat'><strong>.</strong></span> <span class='ocrx_word' id='word_1_88' title='bbox 406 1682 633 1752; x_wconf 85' lang='lat' dir='ltr'><strong>cabuli</strong></span> <span class='ocrx_word' id='word_1_89' title='bbox 688 1685 1036 1776; x_wconf 80' lang='lat' dir='ltr'><strong>congruit,</strong></span> <span class='ocrx_word' id='word_1_90' title='bbox 1121 1705 1401 1753; x_wconf 81' lang='lat' dir='ltr'><strong>examen</strong></span> <span class='ocrx_word' id='word_1_91' title='bbox 1462 1707 1718 1776; x_wconf 84' lang='lat' dir='ltr'><strong>vagum</strong></span> <span class='ocrx_word' id='word_1_92' title='bbox 1734 1732 1755 1768; x_wconf 87' lang='lat'><strong>‚</strong></span> <span class='ocrx_word' id='word_1_93' title='bbox 1826 1708 1868 1752; x_wconf 85' lang='lat' dir='ltr'><strong>a</strong></span> <span class='ocrx_word' id='word_1_94' title='bbox 1909 1684 2293 1776; x_wconf 89' lang='lat' dir='ltr'><strong>principali</strong></span> <span class='ocrx_word' id='word_1_95' title='bbox 2328 1682 2651 1803; x_wconf 75' lang='lat' dir='ltr'><strong>examine,</strong></span> 
     </span>
     <span class='ocr_line' id='line_1_13' title="bbox 403 1785 2654 1880; baseline -0.001 -26"><span class='ocrx_word' id='word_1_96' title='bbox 403 1795 482 1854; x_wconf 87' lang='lat' dir='ltr'><strong>ut</strong></span> <span class='ocrx_word' id='word_1_97' title='bbox 525 1785 859 1853; x_wconf 90' lang='lat' dir='ltr'><strong>coloniam</strong></span> <span class='ocrx_word' id='word_1_98' title='bbox 877 1834 898 1871; x_wconf 87' lang='lat'>‚</span> <span class='ocrx_word' id='word_1_99' title='bbox 952 1786 1358 1878; x_wconf 83' lang='lat' dir='ltr'><strong>digressum:</strong></span> <span class='ocrx_word' id='word_1_100' title='bbox 1421 1787 1630 1877; x_wconf 84' lang='lat' dir='ltr'><strong>idque</strong></span> <span class='ocrx_word' id='word_1_101' title='bbox 1673 1788 1759 1855; x_wconf 90' lang='lat' dir='ltr'><strong>ab</strong></span> <span class='ocrx_word' id='word_1_102' title='bbox 1802 1788 2130 1858; x_wconf 82' lang='lat' dir='ltr'><strong>Romanis</strong></span> <span class='ocrx_word' id='word_1_103' title='bbox 2169 1787 2448 1880; x_wconf 86' lang='lat' dir='ltr'><strong>proprie</strong></span> <span class='ocrx_word' id='word_1_104' title='bbox 2490 1808 2654 1854; x_wconf 55' lang='lat' dir='ltr'><strong>exa-r</strong></span> 
     </span>
     <span class='ocr_line' id='line_1_14' title="bbox 404 1888 2655 1985; baseline 0 -29"><span class='ocrx_word' id='word_1_105' title='bbox 404 1912 564 1958; x_wconf 87' lang='lat' dir='ltr'><strong>men</strong></span> <span class='ocrx_word' id='word_1_106' title='bbox 607 1900 938 1959; x_wconf 84' lang='lat' dir='ltr'><strong>vocatur.-</strong></span> <span class='ocrx_word' id='word_1_107' title='bbox 1013 1890 1216 1959; x_wconf 90' lang='lat' dir='ltr'><strong>Hanc</strong></span> <span class='ocrx_word' id='word_1_108' title='bbox 1273 1891 1727 1959; x_wconf 85' lang='lat' dir='ltr'><strong>dimissionem</strong></span> <span class='ocrx_word' id='word_1_109' title='bbox 1772 1893 1981 1983; x_wconf 87' lang='lat' dir='ltr'><strong>partis</strong></span> <span class='ocrx_word' id='word_1_110' title='bbox 2037 1889 2302 1985; x_wconf 77' lang='grc' dir='ltr'>ἄφεσιν</span> <span class='ocrx_word' id='word_1_111' title='bbox 2346 1888 2655 1981; x_wconf 83' lang='lat' dir='ltr'><strong>appellat</strong></span> 
     </span>
     <span class='ocr_line' id='line_1_15' title="bbox 402 1991 2654 2087; baseline 0 -27"><span class='ocrx_word' id='word_1_112' title='bbox 402 1993 795 2062; x_wconf 86' lang='lat' dir='ltr'><strong>Aristoteles</strong></span> <span class='ocrx_word' id='word_1_113' title='bbox 842 1993 1087 2062; x_wconf 92' lang='lat' dir='ltr'><strong>eodem</strong></span> <span class='ocrx_word' id='word_1_114' title='bbox 1138 1994 1362 2085; x_wconf 90' lang='lat' dir='ltr'><strong>capite</strong></span> <span class='ocrx_word' id='word_1_115' title='bbox 1402 2017 1618 2087; x_wconf 84' lang='lat' dir='ltr'><strong>segm.</strong></span> <span class='ocrx_word' id='word_1_116' title='bbox 1669 1993 1793 2061; x_wconf 93' lang='grc'><strong>11.</strong></span> <span class='ocrx_word' id='word_1_117' title='bbox 1826 2007 1893 2063; x_wconf 88' lang='lat' dir='ltr'><strong>et</strong></span> <span class='ocrx_word' id='word_1_118' title='bbox 1940 1994 2061 2062; x_wconf 76' lang='lat'><strong>13.</strong></span> <span class='ocrx_word' id='word_1_119' title='bbox 2110 2006 2179 2062; x_wconf 92' lang='lat' dir='ltr'><strong>et</strong></span> <span class='ocrx_word' id='word_1_120' title='bbox 2219 1995 2338 2064; x_wconf 88' lang='lat' dir='ltr'><strong>lib.</strong></span> <span class='ocrx_word' id='word_1_121' title='bbox 2388 1993 2476 2069; x_wconf 89' lang='lat' dir='ltr'><strong>V.</strong></span> <span class='ocrx_word' id='word_1_122' title='bbox 2529 1991 2654 2079; x_wconf 84' lang='lat'><strong>18,</strong></span> 
     </span>
     <span class='ocr_line' id='line_1_16' title="bbox 407 2091 2650 2217; baseline 0.003 -55"><span class='ocrx_word' id='word_1_123' title='bbox 407 2094 475 2162; x_wconf 92' lang='grc'><strong>1.</strong></span> <span class='ocrx_word' id='word_1_124' title='bbox 529 2097 649 2163; x_wconf 88' lang='lat' dir='ltr'><strong>ubi</strong></span> <span class='ocrx_word' id='word_1_125' title='bbox 695 2096 887 2217; x_wconf 81' lang='lat' dir='ltr'><strong>quod</strong></span> <span class='ocrx_word' id='word_1_126' title='bbox 926 2097 1188 2181; x_wconf 86' lang='lat' dir='ltr'><strong>scribit,</strong></span> <span class='ocrx_word' id='word_1_127' title='bbox 1256 2091 1430 2170; x_wconf 87' lang='grc' dir='ltr'>τότε</span> <span class='ocrx_word' id='word_1_128' title='bbox 1473 2098 1592 2169; x_wconf 76' lang='grc' dir='ltr'><strong>καὶ</strong></span> <span class='ocrx_word' id='word_1_129' title='bbox 1642 2097 1851 2190; x_wconf 81' lang='grc' dir='ltr'>ἑσμοι</span> <span class='ocrx_word' id='word_1_130' title='bbox 1900 2094 2246 2191; x_wconf 74' lang='grc' dir='ltr'>α’φίενται</span> <span class='ocrx_word' id='word_1_131' title='bbox 2294 2099 2650 2184; x_wconf 80' lang='grc' dir='ltr'>πλεῖστοι,</span> 
     </span>
     <span class='ocr_line' id='line_1_17' title="bbox 399 2198 2656 2294; baseline -0.001 -25"><span class='ocrx_word' id='word_1_132' title='bbox 399 2198 573 2269; x_wconf 87' lang='lat' dir='ltr'><strong>nihil</strong></span> <span class='ocrx_word' id='word_1_133' title='bbox 624 2208 721 2267; x_wconf 87' lang='lat' dir='ltr'><strong>est</strong></span> <span class='ocrx_word' id='word_1_134' title='bbox 768 2200 891 2267; x_wconf 90' lang='lat' dir='ltr'><strong>nisi</strong></span> <span class='ocrx_word' id='word_1_135' title='bbox 941 2199 1306 2290; x_wconf 86' lang='lat' dir='ltr'><strong>descriptio</strong></span> <span class='ocrx_word' id='word_1_136' title='bbox 1355 2195 1724 2294; x_wconf 71' lang='grc' dir='ltr'><strong>α’φεσμῶν.</strong></span> <span class='ocrx_word' id='word_1_137' title='bbox 1825 2199 2095 2268; x_wconf 90' lang='lat' dir='ltr'><strong>Iuvabit</strong></span> <span class='ocrx_word' id='word_1_138' title='bbox 2138 2221 2294 2267; x_wconf 91' lang='lat' dir='ltr'><strong>cum</strong></span> <span class='ocrx_word' id='word_1_139' title='bbox 2349 2199 2426 2266; x_wconf 86' lang='lat' dir='ltr'><strong>iis</strong></span> <span class='ocrx_word' id='word_1_140' title='bbox 2475 2221 2656 2287; x_wconf 86' lang='lat' dir='ltr'><strong>quae</strong></span> 
     </span>
     <span class='ocr_line' id='line_1_18' title="bbox 402 2300 2655 2394; baseline 0.001 -23"><span class='ocrx_word' id='word_1_141' title='bbox 402 2326 610 2393; x_wconf 80' lang='lat' dir='ltr'><strong>supra</strong></span> <span class='ocrx_word' id='word_1_142' title='bbox 653 2301 852 2393; x_wconf 80' lang='lat' dir='ltr'><strong>posui</strong></span> <span class='ocrx_word' id='word_1_143' title='bbox 896 2303 1096 2370; x_wconf 89' lang='lat' dir='ltr'><strong>etiam</strong></span> <span class='ocrx_word' id='word_1_144' title='bbox 1140 2301 1318 2372; x_wconf 90' lang='lat' dir='ltr'><strong>haec</strong></span> <span class='ocrx_word' id='word_1_145' title='bbox 1350 2303 1562 2371; x_wconf 86' lang='lat' dir='ltr'><strong>verba</strong></span> <span class='ocrx_word' id='word_1_146' title='bbox 1595 2324 2021 2394; x_wconf 84' lang='lat' dir='ltr'><strong>comparasse</strong></span> <span class='ocrx_word' id='word_1_147' title='bbox 2066 2304 2185 2371; x_wconf 91' lang='lat' dir='ltr'><strong>lX.</strong></span> <span class='ocrx_word' id='word_1_148' title='bbox 2234 2301 2369 2387; x_wconf 72' lang='lat'><strong>27,</strong></span> <span class='ocrx_word' id='word_1_149' title='bbox 2402 2300 2524 2369; x_wconf 77' lang='lat'><strong>13.</strong></span> <span class='ocrx_word' id='word_1_150' title='bbox 2580 2307 2655 2373; x_wconf 87' lang='grc' dir='ltr'><strong>οἱ</strong></span> 
     </span>
     <span class='ocr_line' id='line_1_19' title="bbox 406 2399 2655 2500; baseline -0.001 -22"><span class='ocrx_word' id='word_1_151' title='bbox 406 2406 485 2478; x_wconf 81' lang='grc' dir='ltr'><strong>δὲ</strong></span> <span class='ocrx_word' id='word_1_152' title='bbox 521 2409 843 2499; x_wconf 78' lang='grc' dir='ltr'>βασιλεῖς</span> <span class='ocrx_word' id='word_1_153' title='bbox 886 2401 1098 2478; x_wconf 71' lang='grc' dir='ltr'>αὐτοὶ</span> <span class='ocrx_word' id='word_1_154' title='bbox 1144 2406 1282 2499; x_wconf 80' lang='grc' dir='ltr'><strong>μὲν</strong></span> <span class='ocrx_word' id='word_1_155' title='bbox 1325 2402 1460 2495; x_wconf 80' lang='grc' dir='ltr'><strong>οὐχ</strong></span> <span class='ocrx_word' id='word_1_156' title='bbox 1502 2405 1822 2500; x_wconf 75' lang='grc' dir='ltr'>ὁρῶνται</span> <span class='ocrx_word' id='word_1_157' title='bbox 1867 2405 2091 2487; x_wconf 77' lang='grc' dir='ltr'><strong><em>ἄλλως</em></strong></span> <span class='ocrx_word' id='word_1_158' title='bbox 2140 2406 2187 2495; x_wconf 83' lang='grc' dir='ltr'><em>ἢ</em></span> <span class='ocrx_word' id='word_1_159' title='bbox 2232 2399 2414 2498; x_wconf 81' lang='grc' dir='ltr'><strong>μετ’</strong></span> <span class='ocrx_word' id='word_1_160' title='bbox 2461 2400 2655 2500; x_wconf 70' lang='grc' dir='ltr'><em>ἀφέ-</em></span> 
     </span>
     <span class='ocr_line' id='line_1_20' title="bbox 405 2505 2656 2603; baseline -0.004 -22"><span class='ocrx_word' id='word_1_161' title='bbox 405 2534 597 2588; x_wconf 81' lang='grc' dir='ltr'><strong>σεως.</strong></span> <span class='ocrx_word' id='word_1_162' title='bbox 702 2509 879 2575; x_wconf 87' lang='lat' dir='ltr'><strong>Nam</strong></span> <span class='ocrx_word' id='word_1_163' title='bbox 942 2532 1112 2598; x_wconf 89' lang='lat' dir='ltr'><strong>quos</strong></span> <span class='ocrx_word' id='word_1_164' title='bbox 1161 2508 1280 2578; x_wconf 91' lang='lat' dir='ltr'><strong>hic</strong></span> <span class='ocrx_word' id='word_1_165' title='bbox 1326 2509 1503 2577; x_wconf 41' lang='lat' dir='ltr'><strong>dicit*</strong></span> <span class='ocrx_word' id='word_1_166' title='bbox 1534 2510 1718 2578; x_wconf 85' lang='lat' dir='ltr'><strong>cerni</strong></span> <span class='ocrx_word' id='word_1_167' title='bbox 1762 2506 1934 2602; x_wconf 78' lang='grc' dir='ltr'><strong>μετ’</strong></span> <span class='ocrx_word' id='word_1_168' title='bbox 1972 2506 2319 2603; x_wconf 75' lang='grc' dir='ltr'><strong>ἀφέσεως,</strong></span> <span class='ocrx_word' id='word_1_169' title='bbox 2386 2505 2465 2574; x_wconf 84' lang='grc' dir='ltr'><strong>1ιί</strong></span> <span class='ocrx_word' id='word_1_170' title='bbox 2504 2517 2656 2574; x_wconf 89' lang='lat' dir='ltr'><strong>sunt</strong></span> 
     </span>
     <span class='ocr_line' id='line_1_21' title="bbox 404 2606 2654 2707; baseline -0.001 -28"><span class='ocrx_word' id='word_1_171' title='bbox 404 2610 572 2702; x_wconf 84' lang='lat' dir='ltr'><strong>ipsi,</strong></span> <span class='ocrx_word' id='word_1_172' title='bbox 624 2634 795 2701; x_wconf 86' lang='lat' dir='ltr'><strong>quos</strong></span> <span class='ocrx_word' id='word_1_173' title='bbox 824 2612 965 2682; x_wconf 87' lang='lat' dir='ltr'><strong>illic</strong></span> <span class='ocrx_word' id='word_1_174' title='bbox 995 2606 1351 2707; x_wconf 80' lang='grc' dir='ltr'><strong>ηγεμόνας</strong></span> <span class='ocrx_word' id='word_1_175' title='bbox 1377 2612 1523 2685; x_wconf 71' lang='grc' dir='ltr'><strong>τῶν</strong></span> <span class='ocrx_word' id='word_1_176' title='bbox 1556 2607 1905 2706; x_wconf 78' lang='grc' dir='ltr'><strong>οἷφεσμων</strong></span> <span class='ocrx_word' id='word_1_177' title='bbox 1931 2622 2150 2681; x_wconf 83' lang='lat' dir='ltr'><strong>vocat.</strong></span> <span class='ocrx_word' id='word_1_178' title='bbox 2257 2610 2444 2698; x_wconf 81' lang='lat' dir='ltr'><strong>Quid</strong></span> <span class='ocrx_word' id='word_1_179' title='bbox 2475 2610 2654 2678; x_wconf 88' lang='lat' dir='ltr'><strong>mul—</strong></span> 
     </span>
     <span class='ocr_line' id='line_1_22' title="bbox 405 2713 2655 2811; baseline -0 -28"><span class='ocrx_word' id='word_1_180' title='bbox 405 2715 523 2783; x_wconf 87' lang='lat' dir='ltr'><strong>ta?</strong></span> <span class='ocrx_word' id='word_1_181' title='bbox 618 2715 777 2806; x_wconf 89' lang='lat' dir='ltr'><strong>Ipse</strong></span> <span class='ocrx_word' id='word_1_182' title='bbox 817 2715 1253 2801; x_wconf 80' lang='lat' dir='ltr'><strong>AristoteleS‚</strong></span> <span class='ocrx_word' id='word_1_183' title='bbox 1317 2714 1484 2804; x_wconf 88' lang='lat' dir='ltr'><strong>quid</strong></span> <span class='ocrx_word' id='word_1_184' title='bbox 1533 2715 1614 2783; x_wconf 92' lang='lat' dir='ltr'><strong>sit</strong></span> <span class='ocrx_word' id='word_1_185' title='bbox 1656 2710 2026 2811; x_wconf 75' lang='grc' dir='ltr'><strong>ἄφεσμός,</strong></span> <span class='ocrx_word' id='word_1_186' title='bbox 2101 2716 2249 2806; x_wconf 87' lang='lat' dir='ltr'><strong>ipsa</strong></span> <span class='ocrx_word' id='word_1_187' title='bbox 2305 2713 2435 2782; x_wconf 88' lang='lat' dir='ltr'><strong>illa</strong></span> <span class='ocrx_word' id='word_1_188' title='bbox 2481 2733 2655 2782; x_wconf 86' lang='lat' dir='ltr'><strong>voce</strong></span> 
     </span>
     <span class='ocr_line' id='line_1_23' title="bbox 402 2816 2655 2889; baseline 0 -1"><span class='ocrx_word' id='word_1_189' title='bbox 402 2841 558 2888; x_wconf 85' lang='lat' dir='ltr'><strong>usus</strong></span> <span class='ocrx_word' id='word_1_190' title='bbox 617 2818 1107 2888; x_wconf 79' lang='lat' dir='ltr'><strong>evidentissime</strong></span> <span class='ocrx_word' id='word_1_191' title='bbox 1163 2819 1468 2889; x_wconf 87' lang='lat' dir='ltr'><strong>declarat</strong></span> <span class='ocrx_word' id='word_1_192' title='bbox 1516 2817 1808 2887; x_wconf 83' lang='grc' dir='ltr'><strong>1Χ.29.</strong></span> <span class='ocrx_word' id='word_1_193' title='bbox 1863 2819 1966 2887; x_wconf 83' lang='lat' dir='ltr'><strong>his</strong></span> <span class='ocrx_word' id='word_1_194' title='bbox 2020 2819 2278 2887; x_wconf 77' lang='lat' dir='ltr'><strong>verbis·</strong></span> <span class='ocrx_word' id='word_1_195' title='bbox 2358 2816 2655 2889; x_wconf 78' lang='grc' dir='ltr'>ποιοῦσι</span> 
     </span>
    </p>
   </div>
   <div class='ocr_carea' id='block_1_3' title="bbox 757 2916 1209 2942">
    <p class='ocr_par' dir='ltr' id='par_1_3' title="bbox 757 2916 1209 2942">
     <span class='ocr_line' id='line_1_24' title="bbox 757 2916 1209 2942; baseline 0 -1"><span class='ocrx_word' id='word_1_196' title='bbox 757 2916 1209 2942; x_wconf 55' lang='lat' dir='ltr'><strong>aeaeaeaeae</strong></span> 
     </span>
    </p>
   </div>
   <div class='ocr_carea' id='block_1_4' title="bbox 397 3018 2656 4043">
    <p class='ocr_par' dir='ltr' id='par_1_4' title="bbox 397 3018 2656 4043">
     <span class='ocr_line' id='line_1_25' title="bbox 406 3018 2651 3151; baseline -0.002 -54"><span class='ocrx_word' id='word_1_197' title='bbox 406 3051 631 3151; x_wconf 84' lang='grc' dir='ltr'>ωςπερ</span> <span class='ocrx_word' id='word_1_198' title='bbox 669 3031 741 3128; x_wconf 77' lang='lat' dir='ltr'><strong>oi</strong></span> <span class='ocrx_word' id='word_1_199' title='bbox 774 3018 1153 3120; x_wconf 79' lang='grc' dir='ltr'><strong>μύρμηκες.</strong></span> <span class='ocrx_word' id='word_1_200' title='bbox 1209 3020 1530 3117; x_wconf 81' lang='grc' dir='ltr'><strong>οἷφεσμοὶ</strong></span> <span class='ocrx_word' id='word_1_201' title='bbox 1573 3021 1713 3121; x_wconf 74' lang='grc' dir='ltr'><strong>γάρ</strong></span> <span class='ocrx_word' id='word_1_202' title='bbox 1730 3078 1759 3111; x_wconf 86' lang='grc'>,</span> <span class='ocrx_word' id='word_1_203' title='bbox 1813 3022 2037 3120; x_wconf 74' lang='grc' dir='ltr'>ὥςπερ</span> <span class='ocrx_word' id='word_1_204' title='bbox 2070 3052 2218 3097; x_wconf 79' lang='grc' dir='ltr'><strong>των</strong></span> <span class='ocrx_word' id='word_1_205' title='bbox 2257 3023 2651 3116; x_wconf 72' lang='grc' dir='ltr'>μελιττῶν,</span> 
     </span>
     <span class='ocr_line' id='line_1_26' title="bbox 408 3121 2656 3225; baseline -0.002 -23"><span class='ocrx_word' id='word_1_206' title='bbox 408 3123 501 3202; x_wconf 85' lang='grc' dir='ltr'><strong>ου’</strong></span> <span class='ocrx_word' id='word_1_207' title='bbox 549 3121 874 3220; x_wconf 74' lang='grc' dir='ltr'>γίγνεται</span> <span class='ocrx_word' id='word_1_208' title='bbox 926 3124 1100 3201; x_wconf 81' lang='grc' dir='ltr'>οὔτε</span> <span class='ocrx_word' id='word_1_209' title='bbox 1145 3123 1469 3215; x_wconf 82' lang='grc' dir='ltr'><strong>τούτων,</strong></span> <span class='ocrx_word' id='word_1_210' title='bbox 1536 3127 1709 3200; x_wconf 79' lang='grc' dir='ltr'>οὔτε</span> <span class='ocrx_word' id='word_1_211' title='bbox 1742 3156 1888 3201; x_wconf 83' lang='grc' dir='ltr'><strong>των</strong></span> <span class='ocrx_word' id='word_1_212' title='bbox 1938 3155 2268 3225; x_wconf 75' lang='grc' dir='ltr'><strong><em>σφηκων,</em></strong></span> <span class='ocrx_word' id='word_1_213' title='bbox 2324 3123 2484 3199; x_wconf 75' lang='grc' dir='ltr'><strong>αλλ’</strong></span> <span class='ocrx_word' id='word_1_214' title='bbox 2539 3121 2656 3198; x_wconf 84' lang='grc' dir='ltr'><strong>αἐὶ</strong></span> 
     </span>
     <span class='ocr_line' id='line_1_27' title="bbox 404 3222 2655 3330; baseline -0.002 -25"><span class='ocrx_word' id='word_1_215' title='bbox 404 3233 952 3323; x_wconf 74' lang='grc' dir='ltr'>ἑπιγιγνομέναι</span> <span class='ocrx_word' id='word_1_216' title='bbox 995 3222 1345 3326; x_wconf 73' lang='grc' dir='ltr'>νεώτεραι</span> <span class='ocrx_word' id='word_1_217' title='bbox 1397 3225 1634 3302; x_wconf 79' lang='grc' dir='ltr'>αὐτοῦ</span> <span class='ocrx_word' id='word_1_218' title='bbox 1665 3232 2020 3330; x_wconf 75' lang='grc' dir='ltr'>μένουσι,</span> <span class='ocrx_word' id='word_1_219' title='bbox 2091 3230 2210 3302; x_wconf 79' lang='grc' dir='ltr'><strong>καὶ</strong></span> <span class='ocrx_word' id='word_1_220' title='bbox 2255 3222 2347 3306; x_wconf 56' lang='lat' dir='ltr'><strong>‘to‘</strong></span> <span class='ocrx_word' id='word_1_221' title='bbox 2385 3229 2655 3321; x_wconf 77' lang='grc' dir='ltr'><em>σμῆνος</em></span> 
     </span>
     <span class='ocr_line' id='line_1_28' title="bbox 403 3326 2654 3427; baseline -0.002 -24"><span class='ocrx_word' id='word_1_222' title='bbox 403 3339 651 3426; x_wconf 77' lang='grc' dir='ltr'><strong>μεῖζον</strong></span> <span class='ocrx_word' id='word_1_223' title='bbox 696 3334 1082 3422; x_wconf 76' lang='grc' dir='ltr'>ποιοῦσιν,</span> <span class='ocrx_word' id='word_1_224' title='bbox 1138 3335 1575 3427; x_wconf 77' lang='grc' dir='ltr'>ἐκφέρουσαι</span> <span class='ocrx_word' id='word_1_225' title='bbox 1622 3326 1756 3406; x_wconf 75' lang='grc' dir='ltr'><strong>τόν</strong></span> <span class='ocrx_word' id='word_1_226' title='bbox 1804 3333 2000 3424; x_wconf 78' lang='grc' dir='ltr'><strong>χοῦν.</strong></span> <span class='ocrx_word' id='word_1_227' title='bbox 2107 3334 2349 3424; x_wconf 89' lang='lat' dir='ltr'><strong>Itaque</strong></span> <span class='ocrx_word' id='word_1_228' title='bbox 2391 3333 2529 3400; x_wconf 93' lang='lat' dir='ltr'><strong>loci</strong></span> <span class='ocrx_word' id='word_1_229' title='bbox 2566 3331 2654 3398; x_wconf 89' lang='lat' dir='ltr'><strong>il-</strong></span> 
     </span>
     <span class='ocr_line' id='line_1_29' title="bbox 400 3435 2654 3529; baseline 0 -27"><span class='ocrx_word' id='word_1_230' title='bbox 400 3436 529 3503; x_wconf 82' lang='lat' dir='ltr'><strong>lius</strong></span> <span class='ocrx_word' id='word_1_231' title='bbox 573 3458 778 3524; x_wconf 87' lang='lat' dir='ltr'><strong>quem</strong></span> <span class='ocrx_word' id='word_1_232' title='bbox 822 3460 1024 3527; x_wconf 87' lang='lat' dir='ltr'><strong>supra</strong></span> <span class='ocrx_word' id='word_1_233' title='bbox 1066 3437 1264 3526; x_wconf 89' lang='lat' dir='ltr'><strong>posui</strong></span> <span class='ocrx_word' id='word_1_234' title='bbox 1303 3435 1480 3505; x_wconf 87' lang='lat' dir='ltr'><strong>haec</strong></span> <span class='ocrx_word' id='word_1_235' title='bbox 1513 3438 1839 3506; x_wconf 89' lang='lat' dir='ltr'><strong>sententia</strong></span> <span class='ocrx_word' id='word_1_236' title='bbox 1873 3447 2006 3505; x_wconf 86' lang='lat' dir='ltr'><strong>est.</strong></span> <span class='ocrx_word' id='word_1_237' title='bbox 2053 3460 2294 3529; x_wconf 86' lang='lat' dir='ltr'><strong>regem</strong></span> <span class='ocrx_word' id='word_1_238' title='bbox 2320 3457 2455 3503; x_wconf 92' lang='lat' dir='ltr'><strong>non</strong></span> <span class='ocrx_word' id='word_1_239' title='bbox 2487 3455 2654 3503; x_wconf 86' lang='lat' dir='ltr'><strong>evo-</strong></span> 
     </span>
     <span class='ocr_line' id='line_1_30' title="bbox 398 3538 2651 3629; baseline -0 -24"><span class='ocrx_word' id='word_1_240' title='bbox 398 3538 542 3605; x_wconf 91' lang='lat' dir='ltr'><strong>lare</strong></span> <span class='ocrx_word' id='word_1_241' title='bbox 576 3538 699 3605; x_wconf 90' lang='lat' dir='ltr'><strong>nisi</strong></span> <span class='ocrx_word' id='word_1_242' title='bbox 729 3561 885 3607; x_wconf 89' lang='lat' dir='ltr'><strong>cum</strong></span> <span class='ocrx_word' id='word_1_243' title='bbox 927 3541 1236 3606; x_wconf 90' lang='lat' dir='ltr'><strong>universo</strong></span> <span class='ocrx_word' id='word_1_244' title='bbox 1273 3539 1614 3620; x_wconf 84' lang='lat' dir='ltr'><strong>examine3</strong></span> <span class='ocrx_word' id='word_1_245' title='bbox 1676 3539 1865 3629; x_wconf 89' lang='lat' dir='ltr'><strong>quod</strong></span> <span class='ocrx_word' id='word_1_246' title='bbox 1898 3540 1950 3606; x_wconf 85' lang='lat' dir='ltr'><strong>si</strong></span> <span class='ocrx_word' id='word_1_247' title='bbox 1988 3563 2268 3607; x_wconf 84' lang='lat' dir='ltr'><strong>examen</strong></span> <span class='ocrx_word' id='word_1_248' title='bbox 2308 3559 2564 3628; x_wconf 79' lang='lat' dir='ltr'><strong>vagum</strong></span> <span class='ocrx_word' id='word_1_249' title='bbox 2609 3560 2651 3604; x_wconf 84' lang='lat' dir='ltr'><strong>a</strong></span> 
     </span>
     <span class='ocr_line' id='line_1_31' title="bbox 402 3627 2650 3733; baseline -0 -25"><span class='ocrx_word' id='word_1_250' title='bbox 402 3641 580 3709; x_wconf 88' lang='lat' dir='ltr'><strong>duce</strong></span> <span class='ocrx_word' id='word_1_251' title='bbox 610 3662 733 3710; x_wconf 88' lang='lat' dir='ltr'><strong>suo</strong></span> <span class='ocrx_word' id='word_1_252' title='bbox 764 3627 943 3712; x_wconf 79' lang='lat' dir='ltr'><strong>forte</strong></span> <span class='ocrx_word' id='word_1_253' title='bbox 973 3641 1400 3711; x_wconf 85' lang='lat' dir='ltr'><strong>dissociatum</strong></span> <span class='ocrx_word' id='word_1_254' title='bbox 1444 3642 1557 3727; x_wconf 81' lang='lat' dir='ltr'><strong>sit,</strong></span> <span class='ocrx_word' id='word_1_255' title='bbox 1610 3641 1995 3733; x_wconf 85' lang='lat' dir='ltr'><strong>investigari</strong></span> <span class='ocrx_word' id='word_1_256' title='bbox 2041 3666 2215 3709; x_wconf 89' lang='lat' dir='ltr'><strong>eum</strong></span> <span class='ocrx_word' id='word_1_257' title='bbox 2234 3639 2650 3727; x_wconf 86' lang='lat' dir='ltr'><strong>invenirique</strong></span> 
     </span>
     <span class='ocr_line' id='line_1_32' title="bbox 400 3731 2649 3834; baseline -0.001 -22"><span class='ocrx_word' id='word_1_258' title='bbox 400 3744 650 3813; x_wconf 85' lang='lat' dir='ltr'><strong>odore·</strong></span> <span class='ocrx_word' id='word_1_259' title='bbox 705 3746 1059 3830; x_wconf 80' lang='lat' dir='ltr'><strong>eumdem,</strong></span> <span class='ocrx_word' id='word_1_260' title='bbox 1112 3745 1166 3812; x_wconf 92' lang='lat' dir='ltr'><strong>si</strong></span> <span class='ocrx_word' id='word_1_261' title='bbox 1206 3745 1437 3815; x_wconf 91' lang='lat' dir='ltr'><strong>volare</strong></span> <span class='ocrx_word' id='word_1_262' title='bbox 1477 3731 1804 3834; x_wconf 84' lang='lat' dir='ltr'><strong>n&#39;equeat,</strong></span> <span class='ocrx_word' id='word_1_263' title='bbox 1877 3745 2136 3834; x_wconf 87' lang='lat' dir='ltr'><strong>portari</strong></span> <span class='ocrx_word' id='word_1_264' title='bbox 2182 3745 2269 3812; x_wconf 85' lang='lat' dir='ltr'><strong>ab</strong></span> <span class='ocrx_word' id='word_1_265' title='bbox 2308 3733 2649 3823; x_wconf 88' lang='lat' dir='ltr'><strong>examine;</strong></span> 
     </span>
     <span class='ocr_line' id='line_1_33' title="bbox 397 3846 2651 3969; baseline -0 -53"><span class='ocrx_word' id='word_1_266' title='bbox 397 3858 669 3916; x_wconf 87' lang='lat' dir='ltr'><strong>mortuo</strong></span> <span class='ocrx_word' id='word_1_267' title='bbox 714 3860 938 3917; x_wconf 84' lang='lat' dir='ltr'><strong>autem</strong></span> <span class='ocrx_word' id='word_1_268' title='bbox 975 3849 1201 3969; x_wconf 87' lang='lat' dir='ltr'><strong>perire</strong></span> <span class='ocrx_word' id='word_1_269' title='bbox 1247 3872 1525 3916; x_wconf 86' lang='lat' dir='ltr'><strong>examen</strong></span> <span class='ocrx_word' id='word_1_270' title='bbox 1564 3872 1853 3941; x_wconf 85' lang='lat' dir='ltr'><strong>vagum,</strong></span> <span class='ocrx_word' id='word_1_271' title='bbox 1926 3846 2120 3936; x_wconf 87' lang='lat' dir='ltr'><strong>quod</strong></span> <span class='ocrx_word' id='word_1_272' title='bbox 2158 3870 2318 3917; x_wconf 84' lang='lat' dir='ltr'><strong>cum</strong></span> <span class='ocrx_word' id='word_1_273' title='bbox 2364 3868 2449 3917; x_wconf 92' lang='lat' dir='ltr'><strong>eo</strong></span> <span class='ocrx_word' id='word_1_274' title='bbox 2483 3868 2651 3916; x_wconf 78' lang='lat' dir='ltr'><strong>evo-</strong></span> 
     </span>
     <span class='ocr_line' id='line_1_34' title="bbox 397 3950 2081 4043; baseline 0.001 -26"><span class='ocrx_word' id='word_1_275' title='bbox 397 3950 671 4038; x_wconf 85' lang='lat' dir='ltr'><strong>laverit,</strong></span> <span class='ocrx_word' id='word_1_276' title='bbox 721 3952 1006 4022; x_wconf 81' lang='lat' dir='ltr'><strong>relicto</strong></span> <span class='ocrx_word' id='word_1_277' title='bbox 988 3975 1057 4019; x_wconf 88' lang='lat' dir='ltr'><strong>m</strong></span> <span class='ocrx_word' id='word_1_278' title='bbox 1090 3952 1340 4021; x_wconf 86' lang='lat' dir='ltr'><strong>alveari</strong></span> <span class='ocrx_word' id='word_1_279' title='bbox 1368 3953 1671 4020; x_wconf 85' lang='lat' dir='ltr'><strong>examine</strong></span> <span class='ocrx_word' id='word_1_280' title='bbox 1704 3950 2081 4043; x_wconf 88' lang='lat' dir='ltr'><strong>principali.</strong></span> 
     </span>
    </p>
   </div>
   <div class='ocr_carea' id='block_1_5' title="bbox 492 4529 2267 4644">
    <p class='ocr_par' dir='ltr' id='par_1_5' title="bbox 492 4529 2267 4644">
     <span class='ocr_line' id='line_1_35' title="bbox 492 4529 2267 4644; baseline -0.001 -7"><span class='ocrx_word' id='word_1_281' title='bbox 492 4566 741 4639; x_wconf 67' lang='lat' dir='ltr'><strong>Ham.</strong></span> <span class='ocrx_word' id='word_1_282' title='bbox 764 4529 770 4536; x_wconf 22' lang='lat'>³</span> <span class='ocrx_word' id='word_1_283' title='bbox 807 4566 941 4644; x_wconf 76' lang='lat'><strong>01».</strong></span> <span class='ocrx_word' id='word_1_284' title='bbox 1007 4567 1096 4637; x_wconf 90' lang='lat'><strong>11.</strong></span> <span class='ocrx_word' id='word_1_285' title='bbox 2197 4568 2267 4635; x_wconf 86' lang='lat' dir='ltr'><strong>R</strong></span> 
     </span>
    </p>
   </div>
  </div>
 </body>
</html>
