3325 5317
630 491 719 555 94
1296 486 1444 550 DE
1527 484 2204 551 AEscHYLl

630 662 835 733 bulae
860 682 1016 731 usus
1057 661 1161 729 sit.
1260 660 1369 732 Ac
1394 661 1650 731 nullam
1692 660 1964 729 omnino
1988 661 2124 730 vim
2151 660 2469 731 habitura
2493 660 2726 733 fuisset
2754 673 2877 734 aut

630 765 1032 837 sollicitudo
1060 765 1447 852 Persarum,
1516 774 1631 833 aut
1674 765 1954 836 afflictio
1977 814 1998 851 ,
2059 765 2185 833 nisi
2236 766 2456 836 statim
2513 769 2602 836 ab
2659 768 2869 854 initio,

629 893 839 961 quam
894 891 1146 960 magna
1201 867 1292 936 de
1361 891 1438 938 re
1500 869 2039 960 periclitarentur
2055 917 2076 954 ,
2160 869 2585 941 manifestum
2655 873 2869 940 fieret.

629 976 869 1064 Itaque
923 995 1053 1063 per
1087 971 1411 1058 chorum,
1488 981 1564 1040 ut
1615 996 1793 1061 quae
1838 973 2208 1041 communis
2271 974 2354 1041 sit
2424 974 2671 1043 civium
2711 998 2869 1060 vox,

629 1079 891 1147 initium
936 1076 1189 1146 faciens
1205 1124 1227 1162 ,
1278 1084 1418 1145 tam
1462 1076 1794 1168 grandem
1809 1125 1830 1160 ,
1881 1086 2155 1166 tamque
2195 1077 2631 1168 magnificam
2670 1078 2870 1146 exhi-

631 1184 753 1250 bet
815 1180 1167 1271 copiarum
1225 1181 1297 1246 in
1349 1180 1712 1269 Graeciam
1752 1181 2216 1272 prosectarum
2278 1182 2870 1266 enumerationem,

631 1294 708 1356 ιιι
760 1292 865 1352 tot
917 1283 1336 1375 populorum
1388 1283 1778 1373 ducumque
1833 1285 2104 1353 nomina
2157 1307 2368 1374 quum
2428 1283 2868 1354 admiratione

630 1388 1007 1481 percellant
1035 1388 1360 1455 audientis
1387 1388 1707 1473 animum,
1736 1396 1905 1473 tum,
1957 1389 2012 1455 si
2043 1388 2132 1455 de
2162 1389 2281 1454 tali
2316 1397 2640 1476 tantoque
2675 1411 2868 1456 exer-

634 1494 772 1564 citu
814 1491 1249 1560 metuendum
1306 1491 1425 1576 sit,
1494 1491 1696 1559 etiam
1737 1501 1925 1560 metu
1967 1513 2104 1558 non
2139 1491 2471 1561 mediocri
2519 1491 2865 1581 impleant.

632 1597 867 1687 Auget
925 1604 1151 1662 autem
1205 1602 1463 1662 metum
1510 1593 1758 1663 chorus
1820 1596 1968 1684 ipse
1983 1642 2004 1679 ,
2086 1595 2532 1663 temeritatem
2583 1605 2868 1687 tangens

635 1699 865 1785 duciS,
943 1699 1394 1788 Hellesponto
1448 1698 1687 1788 iugum
1737 1698 2089 1788 imponere
2131 1699 2313 1784 ausi,
2395 1698 2700 1786 iramque
2738 1697 2869 1766 de-

631 1824 829 1870 orum
882 1823 1447 1884 commemorans,
1506 1801 1898 1869 infestorum
1943 1802 2284 1893 superbiS,
2353 1810 2420 1870 et
2469 1802 2735 1869 inanem
2770 1801 2864 1868 fi-

498 1944 510 1956 ·
632 1906 908 1974 duciam
950 1903 1247 1995 graviter
1272 1904 1686 1985 fallentium3
1734 1913 1880 1972 tum
1930 1928 2117 1973 suam
2162 1905 2309 1995 ipse
2351 1904 2870 1973 sollicitudinem

633 2007 987 2077 ostendens
1001 2056 1022 2093 ,
1092 2008 1357 2076 civitate
1401 2006 1722 2076 exhausta
1736 2057 1757 2094 ,
1827 2018 1894 2077 et
1939 2008 2297 2078 solitudine
2341 2009 2594 2097 ubique
2641 2001 2873 2098 queri-

630 2112 889 2180 monias
940 2120 1007 2179 et
1050 2121 1305 2179 metum
1349 2120 1837 2181 commovente.
1940 2113 2173 2181 Habet
2229 2103 2455 2180 aut'em
2514 2111 2656 2182 hoc
2712 2133 2871 2181 car-

632 2239 824 2302 men,
878 2214 1080 2283 etiam
1126 2216 1181 2283 si
1224 2239 1264 2283 a
1306 2215 1641 2284 dictorum
1671 2218 1999 2308 gravitate
2027 2216 2350 2302 discedaS,
2404 2216 2627 2301 aliam,
2680 2230 2869 2283 eam-

542 2326 774 2410 loque
817 2318 1119 2387 nondum
1167 2319 1703 2388 animadversam
1751 2319 2059 2388 virtutem
2077 2369 2096 2406 ,
2182 2320 2368 2388 cuius
2427 2320 2597 2387 mira
2655 2342 2870 2408 quae-

632 2425 793 2493 dam
846 2425 918 2491 in
977 2432 1435 2514 spectatorum
1505 2423 1739 2491 animis
1797 2424 2106 2495 efficacia
2166 2423 2370 2492 fuerit
2424 2446 2694 2494 necesse
2722 2431 2868 2490 est.

627 2529 806 2597 Nam
849 2550 987 2595 non
1025 2528 1244 2596 solum
1294 2551 1334 2594 a
1376 2528 1670 2620 simplici
1710 2529 2011 2596 oratione
2039 2526 2130 2594 ad
2158 2526 2580 2595 modulatam
2623 2527 2870 2595 recita-

625 2632 916 2715 tionem,
969 2639 1037 2698 et
1084 2633 1171 2698 ab
1219 2630 1357 2699 hac
1404 2630 1495 2697 ad
1523 2641 1793 2700 cantum
1834 2632 2177 2715 transitur,
2232 2630 2353 2699 sed
2397 2631 2595 2698 etiam
2625 2651 2868 2720 perso-

519 2764 524 2771 ·
631 2757 872 2802 narum
897 2735 1079 2803 vices
1111 2733 1206 2799 ita
1240 2735 1374 2800 ’sibi
1404 2734 1808 2819 succedunt,
1856 2744 1931 2810 ut
1959 2733 2279 2824 deinceps
2320 2734 2545 2800 omnia
2575 2743 2642 2801 et
2673 2755 2868 2801 com-

630 2837 923 2905 motiora
975 2843 1043 2903 et
1089 2835 1549 2926 splendidiora
1591 2838 1774 2904 fiant.
1878 2837 2147 2905 Etenim
2190 2859 2272 2905 ex
2321 2837 2531 2906 tribus
2569 2837 2869 2927 partibus

631 2939 774 3008 hoc
815 2961 1088 3008 carmen
1135 2948 1426 3024 constat,
1493 2962 1781 3029 quarum
1823 2940 1894 3007 in
1922 2941 2183 3032 prima,
2259 2941 2450 3030 quod
2508 2941 2866 3032 proprium

633 3067 775 3113 esse
822 3048 1337 3132 anapaestorum
1378 3043 1582 3129 solet,
1632 3044 1812 3111 solus
1853 3044 2152 3132 loquitur
2189 3043 2634 3136 coryphaeus.
2737 3044 2868 3112 Se-

635 3147 928 3218 cundam
958 3155 1225 3237 partem
1242 3195 1262 3231 ,
1312 3145 1387 3212 id
1423 3146 1614 3235 quod
1654 3148 1878 3239 ipsum
1923 3171 2004 3216 ex
2042 3149 2269 3217 metris
2301 3149 2689 3241 colligitur,
2741 3146 2866 3215 ali-

632 3252 751 3342 qui
793 3273 877 3318 ex
942 3248 1158 3318 choro
1205 3273 1426 3339 seneS,
1512 3251 1977 3340 colloquentes
2032 3251 2205 3320 inter
2253 3275 2359 3336 se,
2429 3275 2603 3321 voce
2645 3251 2864 3342 magis

629 3354 981 3424 modulata
1024 3353 1326 3424 recitant.
1408 3353 1578 3421 Sunt
1614 3356 1803 3422 enim
1833 3378 2057 3424 versus
2111 3356 2215 3423 illi
2244 3356 2460 3425 Ionici
2501 3379 2543 3422 a
2583 3356 2864 3438 minore,

569 3493 593 3534 ς
630 3458 827 3550 quod
867 3476 1081 3550 genus
1114 3457 1343 3543 metri,
1394 3466 1469 3524 ut
1501 3458 1761 3547 reliqua
1806 3468 2200 3550 systemata,
2253 3446 2428 3548 q'uae
2468 3463 2541 3541 ἐξ
2591 3456 2865 3550 ὁμοίων

634 3575 991 3648 vocantur,
1066 3570 1340 3653 praeter
1370 3570 1798 3653 anapaestoS,
1852 3563 2238 3651 colloquiis,
2310 3564 2365 3630 si
2403 3571 2588 3632 recte
2632 3562 2866 3629 obser-

524 3679 527 3683 ’
633 3667 779 3736 vavi
799 3717 820 3755 ,
876 3667 1060 3758 (sunt
1089 3675 1313 3734 autem
1340 3664 1550 3733 'multa
1564 3714 1584 3750 ,
1636 3689 1814 3755 quae
1859 3689 2013 3735 eam
2046 3666 2580 3734 observationem
2614 3663 2867 3737 confir-

626 3772 846 3862 ment)
873 3770 1301 3840 destinatum
1341 3778 1456 3837 est.
1560 3769 1798 3838 Tertia
1844 3769 2136 3859 denique
2173 3792 2331 3862 pars
2347 3818 2368 3856 ,
2433 3791 2608 3860 quae
2659 3787 2844 3860 pror·

630 3896 737 3958 sus
773 3874 980 3941 alium
1030 3873 1243 3942 habet
1292 3874 1591 3943 colorem
1605 3922 1626 3952 ,
1682 3883 1916 3968 aperte
1951 3882 2347 3944 concentum
2387 3871 2681 3941 continet
2709 3870 2865 3938 uni-

628 3977 802 4064 versi
833 3975 1061 4046 chori:
1109 3977 1203 4044 ita
1247 3986 1323 4046 ut
1372 3978 1573 4046 etiam
1615 3976 1708 4045 ad
1758 3978 1995 4048 oculos
2037 4000 2365 4066 auresque
2411 3985 2865 4067 spectatorum

626 4082 748 4150 illa
784 4080 1142 4150 Persarum
1180 4100 1412 4150 senum
1451 4081 1778 4174 ingressio
1822 4082 2066 4152 sensim
2122 4082 2496 4170 sensimque
2561 4077 2866 4170 splendi-

633 4184 787 4254 dior
836 4183 1158 4253 accidat.-

729 4286 737 4294 ’
834 4286 1005 4355 Inde
1028 4307 1302 4354 rursum
1350 4287 1778 4380 coryphaeus
1793 4338 1814 4376 ,
1864 4312 2088 4380 pauca
2116 4287 2484 4379 anapaestis
2526 4285 2862 4373 loquutus,

629 4388 1082 4485 prodeuntem
1125 4411 1209 4457 ex
1260 4390 1537 4459 aedibus
1592 4393 1796 4485 regiis
1850 4392 2156 4484 reginam
2171 4442 2191 4477 ,
2271 4413 2403 4482 pro
2463 4387 2865 4479 dignationis

628 4496 807 4565 illius
823 4486 832 4499 Χ
847 4496 1191 4565 maiestate
1209 4541 1230 4578 ,
1278 4494 1616 4564 trochaeis
1630 4544 1651 4582 ‚
1704 4495 2068 4588 splendido
2116 4505 2183 4564 et
2218 4504 2440 4565 motus
2483 4491 2694 4583 pleno
2733 4512 2865 4581 ge-
