3325 5317
732 470 864 538 m
1030 466 1150 532 DE
1203 464 1521 529 CHORO
1577 463 2161 532 EVMEMDVM
2202 462 2672 533 AEscnrm

734 640 1112 716 concedam
1146 639 1386 725 etiam,
1432 638 1556 708 illa
1597 636 1857 708 v.14o.
1909 635 2153 738 ἔγειρ,
2187 641 2420 737 ἔγειρε
2459 640 2581 715 καὶ
2622 667 2713 716 συ
2694 634 2967 739 τήνδ’,

734 740 874 872 ἅνω
918 744 997 819 δὲ
1023 744 1131 823 σέ,
1186 751 1256 812 et
1287 766 1350 812 v.
1381 737 1558 812 588.
1586 742 1848 818 πολλαὶ
1874 745 2015 836 μέν
2049 747 2304 836 ἐσμεν,
2332 743 2652 837 λέξομεν
2681 743 2760 818 δὲ
2784 765 2967 820 συν-
2996 796 3007 805 -

731 843 1012 943 τόμως,
1066 847 1157 917 de
1194 847 1405 916 tribus
1433 846 1654 938 accipi
1689 868 1923 938 posse,
1975 846 2100 914 etsi
2123 868 2252 919 nec
2288 856 2459 939 puto
2492 847 2588 916 ita
2616 869 2761 916 esse
2784 849 2968 922 acci-

731 950 985 1045 pienda
1000 999 1022 1037 ,
1075 959 1144 1019 et
1171 950 1310 1019 vim
1348 971 1431 1020 ae
1459 950 1771 1020 virtutem
1812 949 2060 1018 horum
2085 949 2396 1022 locorum
2435 973 2520 1021 ea
2561 950 2967 1044 interpreta-

732 1057 920 1134 tione
954 1054 1256 1123 imminui
1287 1053 1524 1136 video;
1573 1073 1921 1143 quumque
1948 1075 2198 1146 negem
2233 1076 2318 1122 ex
2348 1075 2434 1122 eo
2450 1100 2473 1140 ,
2523 1054 2715 1144 quod
2744 1079 2808 1123 v.
2837 1053 2965 1125 48.

665 1178 922 1248 ·.seqq
954 1180 1112 1228 cum
1147 1157 1587 1250 Gorgonibus
1611 1166 1681 1225 et
1714 1156 2032 1248 Harpyiis
2063 1167 2565 1249 comparantur,
2609 1156 2701 1226 de
2725 1178 2967 1228 nume-

681 1268 817 1336 bro
855 1261 1226 1351 quidquam
1267 1259 1509 1353 colligi
1549 1281 1787 1351 posse,
1838 1282 2014 1349 quae
2048 1259 2472 1329 Blomfieldii
2500 1261 2821 1330 sententia
2846 1270 2966 1351 est,

732 1364 921 1434 aliud
954 1387 1086 1457 pro
1130 1363 1274 1434 hoc
1308 1371 1708 1456 argumento
1739 1358 2168 1448 substituam,
2220 1363 2410 1453 quod
2451 1372 2647 1432 erunt
2675 1365 2796 1455 qui
2827 1386 2964 1433 non

731 1468 885 1538 leve
922 1470 1258 1559 putabunt
1272 1515 1295 1551 ‚
1360 1490 1424 1536 v.
1478 1462 1650 1534 255.
1720 1467 1811 1534 ab
1848 1486 1983 1533 una
2024 1466 2384 1535 Furiarum
2426 1466 2720 1556 reliquas
2751 1470 2966 1537 verbo

732 1570 920 1641 duali
955 1569 1388 1662 compellari:
1439 1569 1731 1659 denique
1755 1567 1925 1637 nihil
1947 1569 2237 1637 tribuam
2266 1568 2643 1640 auctoritati
2670 1569 2967 1641 scholia·-

730 1682 894 1760 stae,
943 1675 1064 1764 qui
1089 1674 1180 1743 ad
1211 1697 1278 1746 v.
1309 1668 1484 1740 588.
1514 1672 1761 1743 diserte
1788 1672 2175 1762 quindecim
2194 1671 2440 1741 Furias
2474 1672 2679 1742 fuisse
2704 1674 2968 1745 scribit=

733 1776 902 1867 quid
939 1778 1078 1846 iam
1112 1776 1221 1844 his
1256 1775 1665 1868 argumentis
1696 1776 2003 1844 omnibus
2027 1775 2367 1845 efficitur?
2412 1775 2605 1844 Nihil
2637 1784 2839 1864 ve‘ro,
2888 1785 2967 1847 ut

732 1879 1028 1971 opinor.'
1098 1879 1436 1949 Laudabo
1482 1879 1657 1948 enim
1673 1926 1694 1963 ,
1756 1878 1873 1968 qui
1914 1877 2358 1970 probabiliter
2393 1879 2833 1971 respondebit
2874 1875 2981 1965 ad*

733 1981 913 2053 haec
959 1983 1135 2071 duo,
1200 1983 1459 2075 primo,
1522 1981 1709 2052 unde
1748 1981 2055 2068 tandem,
2109 1982 2166 2050 si
2206 1991 2343 2052 tres
2380 1982 2674 2069 fuerunt,
2724 1983 2973 2053 fabula-

652 2163 665 2185 ,
732 2089 860 2156 ista
898 2085 988 2156 de
1027 2087 1515 2179 quinquaginta
1541 2082 1759 2153 Furiis
1786 2085 1945 2155 oriri
1975 2086 2295 2179 potuerit,
2339 2108 2515 2175 quae
2558 2086 2614 2154 si
2660 2085 2752 2156 ad
2788 2087 2966 2157 veri*

729 2198 940 2260 tatem
993 2199 1347 2283 revocatur
1363 2237 1385 2275 ,
1448 2189 1616 2279 quid
1669 2189 1855 2258 aliud
1908 2212 2118 2278 qnam
2175 2188 2316 2259 hoc
2360 2189 2645 2277 indicat,
2711 2190 2967 2283 plures,
2978 2190 2993 2216 ²

728 2316 940 2384 quam
1000 2293 1397 2386 oportebat,
1478 2292 1681 2361 fuisse
1695 2290 1731 2359 Ρ
1796 2291 2044 2360 deinde
2059 2340 2082 2376 ,
2157 2293 2511 2381 quomodo
2525 2341 2547 2380 ‚
2631 2293 2822 2384 quod
2882 2314 2966 2363 ex

727 2397 988 2490 Apsine
1060 2399 1132 2466 in
1199 2394 1494 2467 secunda
1549 2404 1928 2468 nostrarum
1991 2393 2527 2469 dissertationum
2603 2396 2968 2483 attulimus

728 2509 1042 2595 apertum
1079 2501 1378 2595 potuerit
1414 2499 1823 2589 minimeque
1851 2498 2133 2568 dubium
2157 2499 2412 2569 crimen
2435 2499 2831 2593 tragoediae
2862 2501 2969 2568 illi

729 2606 1154 2697 exprobrari,
1219 2604 1343 2673 nisi
1380 2601 1454 2671 id
1495 2603 1567 2672 in
1606 2625 1691 2671 eo
1739 2603 1869 2671 fuit
1918 2603 2250 2694 positum,
2312 2603 2502 2693 quod
2517 2651 2540 2687 ,
2610 2626 2785 2694 quae
2826 2611 2966 2673 tres

727 2705 1155 2778 habebantur
1189 2706 1437 2775 Furiae
1452 2753 1475 2791 ,
1537 2705 1771 2796 plures
1813 2728 1955 2774 esse
1999 2714 2209 2797 poeta
2247 2706 2576 2776 voluerat.
2675 2708 2771 2776 At
2784 2755 2808 2792 ,
2851 2707 2968 2787 ¹in-

728 2810 918 2901 quiat
960 2810 1242 2879 fortasse
1264 2856 1287 2893 ,
1361 2821 1638 2899 prorsus
1696 2807 2095 2877 incredibile
2135 2817 2235 2876 est
2248 2856 2272 2895 ,
2357 2818 2499 2878 tam
2538 2809 2968 2903 impudenter

728 2914 1070 2984 contemni
1120 2910 1487 3004 religiones
1536 2911 1841 3001 potuisse
1857 2959 1878 2996 ,
1958 2919 2036 2980 ut
2076 2912 2224 3001 quis
2270 2933 2626 2983 numerum
2678 2913 2966 2983 deorum

726 3037 858 3111 pro
886 3017 1160 3085 arbitrio
1196 3014 1695 3105 multiplicaret.
1796 3014 2082 3083 Minime
2106 3036 2291 3085 vero.
2394 3017 2604 3085 Aliud
2631 3025 2733 3084 est
2758 3018 2959 3104 enim,

726 3142 859 3213 pro
883 3141 1018 3188 uno
1051 3118 1185 3189 deo
1211 3118 1440 3210 plures
1468 3115 1843 3199 introduci3
1893 3118 2099 3204 aliud,
2152 3119 2270 3208 qui
2298 3128 2449 3189 sunt
2476 3142 2755 3189 numero
2796 3122 2962 3212 plu-

726 3245 834 3292 res
848 3271 871 3308 ,
951 3242 1187 3310 eorum
1240 3221 1480 3314 augeri
1532 3240 1903 3289 numerum.
2021 3221 2211 3290 Illius
2262 3224 2442 3298 enim
2501 3233 2738 3292 natura
2781 3226 2963 3317 perit

641 3335 652 3351 ⁶
725 3325 1241 3420 multiplicando
1257 3373 1279 3412 ,
1331 3323 1581 3392 horum
1623 3346 1763 3391 non
1805 3325 2026 3393 solum
2063 3335 2491 3396 conservatur
2506 3376 2528 3417 ,
2591 3326 2772 3395 unde
2815 3328 2956 3397 Fu*

724 3431 856 3499 rias
899 3439 969 3500 et
1004 3429 1273 3499 Gratias
1316 3427 1434 3495 alii
1483 3426 1652 3498 duas
1666 3475 1688 3512 ,
1748 3427 1862 3494 alii
1909 3438 2042 3495 tres
2091 3451 2234 3498 esse
2288 3431 2772 3512 existimarunt3
2842 3430 2967 3504 sed

722 3535 945 3628 magis
985 3534 1194 3602 etiam·
1226 3530 1734 3622 exsplendescit.
1836 3528 2268 3622 Omninoque
2316 3535 2390 3601 in
2431 3533 2650 3602 Furiis
2681 3534 2964 3625 aliisque

723 3635 1114 3709 huiusmodi
1141 3635 1519 3705 numinibus
1544 3634 1873 3725 incertum
1904 3635 2199 3725 aliquem
2231 3659 2585 3705 numerum
2632 3640 2961 3708 mentibus

723 3737 1079 3810 hominum
1115 3742 1554 3808 obversatum
1587 3760 1729 3806 esse
1745 3785 1766 3823 ,
1817 3739 1932 3807 vel
1976 3738 2186 3824 illud,
2237 3740 2428 3830 quod
2462 3740 2648 3834 apud
2693 3742 2960 3812 Home-

723 3862 877 3910 rum
914 3853 981 3912 et
1031 3843 1447 3929 Hesiodum,
1500 3841 1755 3910 deinde
1805 3842 1992 3934 apud
2020 3842 2250 3933 plures
2295 3844 2462 3911 alios
2506 3852 2638 3930 est,
2687 3870 2963 3945 μητρος

725 3953 796 4014 et
840 3970 1116 4041 πατρος
1153 3938 1557 4042 Εριννύες,
1636 3967 1924 4037 arguere
1967 3945 2252 4014 videtur.
2365 3946 2606 4032 Quare
2647 3948 2962 4038 Aeschy-

724 4048 871 4119 lum
898 4047 1224 4118 credibile
1260 4056 1393 4133 est,
1443 4070 1653 4137 quum
1679 4048 1914 4118 Furias
1946 4048 2438 4135 introduceret,
2487 4052 2699 4119 tribus
2715 4099 2736 4134 ‚
2779 4069 2960 4140 quae

720 4151 1005 4245 proprie
1040 4149 1290 4220 Furiae
1314 4149 1774 4238 habebantur,
1826 4153 2218 4223 comitatum
2244 4152 2622 4222 adiunxisse
2651 4154 2959 4240 aliarum,

722 4276 902 4348 quae
942 4253 1126 4337 varia
1171 4253 1439 4321 illarum
1473 4255 1699 4323 munia
1727 4257 2049 4326 obeuntes
2064 4304 2085 4343 ‚
2136 4256 2358 4324 sociae
2384 4246 2533 4324 'inis
2571 4262 2639 4326 et
2668 4257 2958 4326 admini-

720 4365 898 4428 strae
936 4363 1169 4428 essent.
1197 4356 1214 4399 Γ
1255 4356 1577 4446 *Eamque
1599 4381 1767 4435 ,rem
1810 4359 2038 4430 neseio
2094 4382 2179 4441 an
2216 4358 2516 4428 indicare·
2557 4350 2850 4429 voluerit
2889 4383 2954 4430 v.

723 4459 899 4537 419.
949 4459 1155 4560 ἡμεῖς
1194 4453 1335 4560 γάρ
1374 4463 1590 4556 ἐσμεν
1633 4457 1888 4545 νυκτός
1914 4462 2166 4558 αἰανῆς
2196 4464 2442 4554 τέκνα,
2491 4458 2713 4558 Ἀραὶ
2754 4460 2830 4538 δ’
2873 4467 2954 4540 ἐν
