3325 5317
1202 469 1857 531 mssEn'rA'rlo.
2495 529 2506 542 ,
2563 447 2649 534 οι

401 647 509 715 Ibi
554 642 863 715 Servius:
926 641 1230 714 Potniae
1285 644 1536 713 civitas
1575 652 1679 712 est
1692 692 1714 729 ,
1785 642 1881 713 de
1929 665 2076 735 qua
2094 639 2254 736 fust
2304 640 2647 729 Glaucus,

403 750 526 842 qui
573 771 789 841 quum
835 769 1055 816 sacra
1101 746 1389 817 Veneris
1428 752 1832 839 sperneret,
1903 745 2034 816 illa
2098 747 2294 814 irata
2337 744 2649 837 equabus

401 854 552 922 eius
602 851 887 920 immisit
913 849 1250 943 furorem
1267 900 1287 937 ,
1353 847 1604 942 quibus
1647 848 1982 918 utebatur
2022 850 2128 918 ad
2184 870 2472 918 currum
2488 897 2509 934 ‚
2578 857 2648 918 et

402 978 567 1025 eum
609 951 955 1023 morsibus
983 954 1582 1022 dilaceraverunt.
1688 954 1783 1021 Et
1812 976 2004 1021 mox.-
2055 953 2190 1022 hoc
2212 961 2452 1021 autem
2483 950 2648 1020 ideo

377 1058 710 1155 fingitur
725 1106 746 1142 ,
800 1057 991 1148 quod
1036 1057 1135 1125 eis
1154 1056 1494 1150 furorem
1536 1055 1768 1124 Venus
1797 1057 2199 1141 immiserit,
2250 1057 2422 1149 quia
2451 1056 2672 1124 dila-‘

398 1164 640 1231 niatus
691 1168 794 1229 est
847 1159 1170 1228 Glaucus
1214 1158 1587 1257 effrenatis
1632 1160 1855 1229 nimia
1889 1160 2285 1253 cupiditate
2313 1155 2646 1252 equabus,

401 1288 617 1359 quum
664 1285 792 1333 eas
838 1260 1192 1332 cohiberet
1236 1287 1285 1331 a
1338 1265 1521 1333 coitu
1536 1311 1559 1348 ,
1609 1271 1689 1331 ut
1735 1272 1961 1345 essent
2001 1264 2402 1333 velociores.
2469 1264 2647 1331 Pro-

400 1371 526 1437 bus
570 1377 797 1436 autem
845 1368 976 1436 sic:
1038 1366 1299 1435 Potnia
1350 1365 1522 1435 urbs
1564 1371 1669 1434 est
1709 1364 2083 1452 Boeotiae,
2151 1365 2274 1435 ubi
2323 1366 2647 1436 Glaucus

403 1471 699 1564 Sisyphi
735 1467 808 1562 f
862 1478 931 1538 et
971 1468 1347 1561 BIeropes,
1397 1478 1478 1539 ut
1526 1470 2005 1562 Asclepiades
2053 1470 2126 1538 in
2165 1471 2645 1562 tragodume-

398 1598 537 1644 non
568 1574 686 1646 lib.
730 1573 796 1646 Ι.
834 1574 973 1658 ait,
1011 1569 1277 1641 «habuit
1309 1595 1563 1665 equas,
1619 1595 1801 1665 quas
1840 1574 2273 1641 adsueverat
2297 1573 2646 1640 »humana

377 1673 622 1754 vcarne
663 1679 898 1760 alere,
953 1676 1447 1769 quo'cupidius
1490 1676 1564 1743 in
1609 1675 1879 1744 hostem
1910 1677 2262 1744 irruerent
2297 1684 2365 1743 et
2388 1676 2643 1768 perni-

400 1783 685 1851 ciosius:
752 1780 984 1873 ipsum
1029 1787 1266 1847 autem
1282 1828 1311 1864 ,
1362 1801 1574 1871 quum
1630 1780 1972 1848 alimenta
2023 1777 2446 1874 deficerent,
2513 1779 2644 1847 de·
2685 1814 2702 1832 ·

393 1891 740 1955 vorarunt
770 1885 842 1952 in
875 1883 1065 1952 ludis
1074 1879 1507 1975 funebribus
1536 1883 1806 1952 Peliae.
1921 1880 2240 1977 Quidam
2282 1883 2480 1951 aiunt
2509 1881 2646 1951 has

399 2011 620 2081 equas
662 1986 1039 2057 Diomedis
1079 1985 1353 2079 fuisse,
1435 2008 1616 2078 quas
1668 1985 2022 2055 Hercules
2082 1986 2188 2054 ad
2230 1984 2645 2075 Eurysthea

384 2092 856 2185 perduxerit,
946 2097 1027 2158 et·
1095 2087 1191 2156 ab
1266 2088 1671 2179 Eurystheo
1734 2097 1803 2158 et
1855 2088 2162 2181 Sisypho
2228 2089 2641 2175 distractas,

397 2216 692 2287 eumque
728 2192 906 2289 filio
958 2214 1085 2261 suo
1147 2190 1450 2261 dedisse.
1573 2192 1751 2261 Cum
1805 2191 1914 2259 his
1956 2193 2377 2283 conspirant,
2457 2203 2716 2284 quae5

399 2299 488 2366 ad
513 2290 1294 2388 Eurip.Phoen.1159.
1326 2298 1448 2364 ubi
1476 2305 1688 2387 poeta
1727 2296 2091 2365 Potniades
2120 2319 2358 2386 equaS,
2405 2296 2644 2364 furen-

398 2404 577 2471 tibus
607 2401 886 2485 simileS,
938 2423 1007 2486 ιιι
1036 2400 1264 2490 clipeo
1307 2422 1646 2491 expressas
1695 2409 2216 2485 commemorat,
2271 2423 2312 2467 a
2343 2395 2643 2468 scholia-
2752 2434 2755 2439 ·

401 2506 512 2573 stis
553 2514 900 2573 narrantur
918 2551 939 2589 ,
1005 2503 1128 2570 nisi
1182 2502 1372 2591 quod
1426 2526 1595 2570 unus
1640 2513 1876 2570 eo'rum
1929 2500 2107 2573 haec
2158 2502 2385 2588 addit,
2465 2525 2644 2592 quae

398 2632 539 2699 quo
579 2617 886 2700 spectent
921 2607 1284 2676 nescimus:
1343 2606 1680 2680 Γλαῦκον
1713 2606 1790 2678 δὲ
1819 2600 1905 2677 ου’
1934 2597 2066 2678 τόν
2098 2599 2248 2677 οἷπό
2274 2599 2641 2700 Σισύφου,

407 2706 591 2785 dato?
631 2706 762 2784 τόν
797 2709 1048 2805 Θρᾷκα
1091 2702 1224 2782 τόν
1251 2706 1548 2804 ἄγριονὶ
1602 2708 1769 2776 alius
1808 2716 2035 2775 autem
2079 2708 2333 2776 Potniis
2381 2710 2645 2779 lacera-

403 2825 573 2883 tum·
598 2814 687 2883 ab
733 2814 1031 2933 equabus
1071 2812 1417 2882 Glaucum
1457 2812 1706 2881 scribit.
1822 2811 2041 2879 Possit
2081 2812 2331 2881 Strabo
2365 2835 2647 2902 quoque

401 2920 495 2986 ita
535 2918 749 2986 videri
775 2917 1084 3001 sensisse,
1137 2918 1252 3005 qui
1284 2916 1401 2984 IX.
1434 2939 1507 3008 p.
1557 2913 1732 2983 62Ἰ.
1770 2915 1864 2984 sic
1893 2916 2171 2986 scribat.
2224 2916 2382 2989 ἔστι
2414 2917 2490 2990 δὲ
2520 2915 2644 2988 καὶ

401 3048 448 3118 η
430 3019 711 3143 ’Δίρκη
742 3015 964 3118 κρήνη
991 3018 1112 3091 καὶ
1145 3012 1469 3093 Πότνιαι
1487 3074 1515 3108 ,
1571 3015 1695 3115 ἐφ’
1751 3016 1851 3092 ὦν
1881 3012 2297 3112 μυθεύεται
2344 3012 2444 3091 τοὶ
2478 3045 2644 3112 περι

401 3118 534 3198 τόν
608 3126 969 3197 Ποτνιεά
991 3123 1352 3203 Γλαῧίιον,
1453 3114 1588 3194 τόν
1649 3125 2201 3197 διασπασθέντα
2275 3115 2423 3194 ὐπό
2493 3120 2642 3194 ταῖν

407 3222 842 3300 Ποτνιαδων
889 3233 1163 3315 ἵππων,
1217 3226 1346 3322 τῆς
1393 3218 1660 3307 πόλεως
1713 3226 2026 3316 (Thebas
2070 3224 2263 3316 dicit)
2309 3223 2645 3322 πλησίονε

404 3330 494 3397 ad
542 3354 748 3420 quem
792 3331 1024 3398 locum
1062 3330 1335 3422 respicit
1378 3328 1769 3398 Eustathius
1806 3353 1881 3420 p.
1916 3327 2067 3398 269
2081 3378 2103 3415 ,
2157 3330 2277 3398 34.
2382 3329 2643 3397 Verum

271 3485 285 3496 .
402 3433 575 3502 nihil
611 3434 760 3519 ille,
826 3433 1104 3525 opinor,
1174 3432 1359 3501 aliud
1404 3432 1652 3518 voluit,
1739 3428 1945 3522 quain
1988 3433 2391 3502 contraxisse
2434 3454 2639 3521 equas

398 3538 703 3605 furorem
760 3537 886 3606 isto
938 3536 1120 3605 loco.
1225 3536 1433 3606 Cuius
1469 3536 1569 3603 rei
1626 3559 1930 3624 caussam
1971 3546 2119 3605 sunt
2172 3535 2291 3626 qui
2349 3534 2640 3603 herbam

396 3641 770 3731 quamdam
808 3638 1229 3732 perhibeant.
1334 3617 1745 3709 Scholiastes
1783 3642 2024 3730 Eurip.
2077 3639 2168 3707 ad
2214 3638 2433 3709 Orest.
2464 3637 2637 3707 318.

402 3738 696 3818 Πότνια
734 3745 811 3818 δὲ
846 3743 1112 3865 χωρίον
1168 3741 1321 3816 ἐστι
1374 3742 1783 3834 Βοιωτίας,
1846 3745 2032 3817 ἔνθα
2074 3741 2458 3837 φαγοῦσαι
2494 3750 2638 3837 βο-
2705 3743 2708 3772 “

400 3875 663 3923 τανιον
709 3853 787 3919 αἱ
824 3839 1161 3919 Γλαυκου
1227 3853 1477 3935 ἵπποι,
1567 3846 1741 3936 (τοῦ
1781 3839 2386 3942 Βελλεροφόντου
2448 3847 2641 3915 addit

395 3950 626 4039 Etym.
667 3950 771 4017 Μ.
812 3972 903 4041 Ρ.
947 3944 1138 4034 685,
1190 3946 1315 4015 42.
1361 3952 1482 4038 qui
1526 3949 1770 4042 eadem
1812 3947 2059 4040 habet)
2125 3948 2247 4022 και
2290 3957 2639 4041 μανεῖσαι

400 4046 891 4140 διεσπάσαντο
922 4044 1058 4125 τόν
1106 4054 1295 4125 ἴδιον
1329 4044 1685 4149 δεσπότην
1718 4057 1794 4125 ἐν
1820 4052 1929 4146 τῷ
1951 4051 2311 4147 ἐπιταφίῳ
2348 4052 2637 4144 Πελίου.

395 4157 651 4226 Plinius
687 4157 776 4223 H.
804 4157 891 4225 N.
921 4155 1138 4230 XXV.
1180 4152 1302 4222 53.
1341 4156 1541 4223 circa
1585 4153 1966 4224 Abderam
2012 4165 2080 4225 et
2126 4155 2452 4241 limitem,
2518 4157 2640 4249 qui

397 4259 776 4329 Diomedis
802 4267 1119 4348 vocatur,
1174 4259 1333 4350 equi
1342 4260 1547 4351 pasti
1571 4256 2108 4352 inflammantur
2140 4257 2348 4328 rabie
2361 4282 2388 4337 ,-
2439 4261 2638 4328 circa

393 4363 701 4433 Potnias
746 4385 915 4432 vero
961 4371 1029 4432 et
1087 4363 1286 4433 asini.
1402 4362 1545 4431 Alii
1574 4384 1752 4432 vero
1791 4363 2056 4432 fontem
2112 4364 2368 4432 Potniis
2435 4362 2638 4430 fuisse

393 4467 704 4554 tradunt,
767 4468 953 4539 cuius
995 4490 1173 4557 aqua
1221 4466 1482 4536 rabiem
1520 4468 1711 4558 equis
1754 4467 2065 4555 afferret,
2133 4474 2209 4535 ut
2276 4464 2635 4535 Pausanias
