3325 5317
1108 478 1759 541 DISSERTATIO
1810 480 1885 541 11.
2482 482 2612 547 149

376 660 758 743 repugnent
820 660 889 718 et
946 650 1119 720 falsa
1190 646 1351 737 sint,
1433 644 1760 724 disiuncta
1798 673 2000 745 posse
2049 652 2385 722 verissima
2442 675 2610 740 esse,

370 778 510 823 non
551 776 705 822 raro
754 754 1055 846 egregia,
1070 756 1367 846 reperies
1405 757 1547 824 veri
1584 757 1887 847 vestigia.
1990 756 2263 825 Vellem
2302 755 2375 824 id
2403 756 2604 827 fecis-
2622 761 2704 827 12
2718 794 2737 808 ι

373 868 477 927 set
521 856 948 941 BoeckhiuS,
1023 859 1181 947 qui,
1248 866 1324 926 ut
1367 858 1535 926 mihi
1593 859 1896 944 videtur,
1963 880 2100 927 non
2142 859 2354 928 modo
2401 858 2614 927 fidem

370 962 778 1051 scriptorum
817 962 1209 1029 locorumve
1228 1009 1249 1047 ,
1316 963 1557 1050 quibus
1590 984 1754 1031 usus
1802 969 1936 1047 est,
2002 985 2139 1030 non
2178 962 2432 1052 ubique
2460 962 2613 1030 satis
2678 1029 2685 1033 .

239 1126 258 1141 ,
371 1062 778 1156 ponderavit
794 1111 815 1148 ,
872 1062 993 1131 sed
1020 1063 1358 1153 quaedam
1394 1065 1596 1134 etiam
1636 1064 1978 1153 aliquanto
2016 1065 2322 1157 cupidius
2336 1113 2359 1151 ,
2409 1087 2616 1154 quam

370 1190 503 1260 par
534 1176 708 1252 erat,
764 1165 854 1232 ad
901 1188 1089 1234 suam
1132 1167 1671 1238 accommodavit
1706 1169 2132 1236 sententiamt
2184 1190 2359 1257 quae
2409 1168 2466 1235 si
2501 1190 2617 1235 re-

373 1279 562 1339 mota
611 1267 979 1359 cupiditate
1020 1271 1539 1356 considerasset,
1610 1272 1826 1338 minus
1872 1280 1940 1339 et
1988 1271 2403 1341 dissensionis
2443 1270 2616 1338 inter

373 1375 776 1464 scriptorum
816 1372 1188 1473 testimonia
1204 1421 1226 1459 ‚
1291 1384 1361 1443 et
1418 1373 1832 1446 difficultatis
1871 1374 1941 1442 in
1986 1383 2374 1468 temporum
2418 1394 2613 1444 com-

374 1478 728 1569 putatione
770 1475 1071 1544 futurum
1118 1487 1281 1545 erat.

579 1681 780 1752 Haec
838 1705 1017 1754 nuuc
1081 1682 1321 1752 ordine
1380 1683 1955 1775 pertractabimus.
2072 1683 2182 1755 Ac
2251 1680 2614 1754 Boeckhio

375 1778 642 1854 videtur
669 1785 1042 1877 Aeschylus
1073 1810 1211 1856 non
1238 1794 1392 1854 ante
1434 1787 1504 1854 in
1530 1785 1834 1856 Siciliam
1871 1810 1942 1856 se
1983 1785 2360 1875 contulisse,
2409 1787 2614 1876 quam
2730 1836 2734 1841 .
2812 1832 2818 1843 ¹.

374 1913 588 1979 quum
616 1887 895 1981 Olymp.
931 1890 1276 1958 LXXVII.
1305 1888 1376 1956 4.
1427 1891 1518 1958 ab
1551 1888 1910 1981 Sophocle
1948 1892 2164 1959 victus
2205 1897 2403 1969 esset;
2428 1888 2616 1958 'inde

375 1993 711 2081 reliquum
763 1993 938 2062 vitae
996 2003 1265 2085 tempus
1324 1991 1512 2084 apud
1577 1993 1846 2063 Siculos
1896 1994 2200 2085 exegisse
2217 2041 2238 2078 ,
2321 1991 2625 2081 ideoque·

377 2094 730 2166 Oresteam
772 2097 1007 2165 absens
1052 2096 1395 2181 docuisse,
1460 2095 1741 2165 fortasse
1791 2118 1921 2187 per
1956 2096 2175 2164 filium
2216 2085 2619 2187 Euphorio-

376 2222 551 2269 nem.
656 2200 855 2268 Haec
895 2200 1144 2267 omnia
1135 2248 1157 2285 ,
1208 2208 1286 2267 ut
1318 2199 1536 2266 fatear
1564 2198 1758 2288 quod
1798 2200 2050 2283 sentio,
2100 2219 2341 2266 vereor
2368 2221 2457 2267 ne
2481 2219 2618 2277 non

378 2301 592 2370 modo
640 2303 921 2394 probari
956 2310 1321 2392 nequeant,
1372 2301 1495 2369 sed
1535 2325 1623 2371 ne
1670 2302 2018 2372 credibilia
2047 2298 2326 2389 quidem
2341 2347 2364 2386 ,
2414 2300 2470 2368 si
2497 2321 2619 2369 ac·-

303 2473 312 2480 .
377 2396 611 2476 curate
651 2405 1187 2492 considerentur,
1251 2404 1534 2474 indicari
1587 2404 1866 2495 possint.
1968 2401 2222 2473 ordiar
2281 2428 2324 2472 a
2376 2390 2618 2494 profe-

379 2511 630 2578 ctione*
623 2509 769 2576 ista
815 2508 1063 2578 Sicula.
1167 2511 1394 2596 Atque
1458 2506 1650 2575 illud
1703 2506 1982 2597 quidem
2048 2528 2283 2592 nemo,
2352 2505 2618 2596 opinor,

375 2606 718 2681 dubitabit
733 2661 752 2696 ,
805 2612 968 2701 quin
1004 2618 1190 2683 recte
1223 2609 1619 2679 Boeckhius
1648 2617 1916 2680 censeat
1930 2656 1951 2695 ,
2002 2608 2425 2700 Aeschylum
2462 2615 2622 2700 post

380 2715 674 2805 Olymp.·
702 2715 1048 2784 Lxxvn.
1086 2714 1157 2783 4.
1212 2736 1422 2803 quum
1468 2714 1554 2782 ab
1586 2714 1826 2781 iuvene
1851 2711 2215 2804 Sophocle
2253 2712 2469 2781 vietus
2512 2734 2620 2779 es-

379 2828 520 2906 set,
583 2820 654 2886 in
702 2818 1002 2895 Siciliam
1054 2819 1309 2887 abiisse.
1410 2818 1587 2885 Nam
1617 2838 1756 2884 non
1806 2814 2019 2885 modo
2068 2816 2301 2906 plures
2327 2814 2397 2882 in
2431 2838 2513 2883 ea
2541 2837 2619 2884 re

377 2929 575 2990 testes
624 2923 1064 3007 conveniunt,
1111 2921 1232 2989 sed
1285 2918 1578 2989 afferunt
1626 2920 1833 2990 etiam
1884 2943 1988 3004 ea,
2038 2942 2216 3008 quae
2267 2925 2502 3008 aperte
2548 2917 2621 2985 in

377 3025 521 3093 hoc
538 3072 557 3107 ‚
607 3036 827 3114 neque
860 3025 1046 3093 aliud
1085 3028 1353 3117 t'empus
1379 3024 1730 3111 quadrent.
1829 3022 2236 3091 Plutarchus
2281 3022 2350 3088 in
2381 3019 2618 3090 cimo-

428 3149 586 3218 ep.
632 3126 804 3200 117.
860 3127 1067 3218 (884.
1114 3126 1223 3195 ed.
1264 3127 1357 3195 H.
1400 3126 1680 3257 Steph.)
1735 3120 2028 3224 πρώτην
2069 3119 2209 3222 γοῖρ
2260 3117 2612 3197 διδασκα-

380 3231 543 3305 λίαν
588 3230 730 3304 τοῦ
774 3231 1231 3324 Σοφοκλέους
1290 3230 1403 3305 ἔτι
1462 3231 1631 3303 νέου
1686 3230 2077 3318 καθέντος,
2141 3224 2524 3323 Λφεψίων
2568 3253 2609 3298 ο

372 3334 667 3431 ἄρχων,
734 3331 1171 3429 φιλονεικίας
1235 3330 1443 3455 οὔσης
1506 3332 1627 3404 καὶ
1694 3325 2160 3429 παρατάξεως
2219 3355 2368 3402 των
2418 3337 2614 3402 θεα-

273 3532 280 3539 “
380 3465 571 3515 των,
625 3431 873 3559 κριταῖς
913 3437 1052 3528 μὲν
1078 3431 1207 3514 οὐκ
1261 3429 1608 3558 ἐκλήρωσε
1659 3434 1798 3508 τοῦ
1850 3430 2152 3527 ἀγῶνος·
2207 3457 2297 3511 ως
2349 3427 2614 3503 ‹5316-

379 3565 538 3634 μων
573 3534 784 3632 μετοῖ
833 3536 980 3612 τ’ων
1032 3532 1545 3659 συστρατήγων
1596 3530 1979 3633 προελθων
2032 3562 2129 3619 εις
2161 3561 2249 3607 το
2285 3532 2612 3655 θέατρον

369 3637 778 3737 ’ἐποιήσατο
846 3643 952 3738 τῷ
1029 3641 1186 3736 θεῷ
1263 3667 1395 3722 τας
1472 3640 1993 3731 νενομισμένας
2055 3627 2402 3713 σπονδάς,
2484 3629 2616 3704 οὐκ

384 3742 659 3870 ἀφῆκεν
713 3740 981 3826 αὐτους
1033 3741 1427 3832 ἀπελθεῖν,
1482 3737 1644 3815 ἄλλ’
1708 3735 2026 3860 ὁρκώσας
2065 3731 2423 3858 q’voiyuoeaeoe
2474 3761 2614 3808 κα·-

383 3847 599 3922 θίσαι
647 3849 768 3920 καὶ
818 3853 1104 3944 κρῖναι,
1173 3848 1341 3919 δέκα
1394 3843 1646 3932 ὄντας,
1715 3835 1865 3914 α’πο
1931 3840 2154 3937 φυλῆς
2215 3865 2391 3932 μιας
2440 3843 2615 3912 ἔκα-

384 3977 581 4024 στον.
649 3950 692 4024 o‘
735 3950 882 4044 μὲν
928 3948 1059 4024 οὖν
1113 3942 1306 4043 ἄγων
1355 3947 1478 4021 καὶ
1530 3941 1655 4020 dui
1704 3939 1799 4018 τό
1846 3970 1994 4016 των
2028 3969 2293 4041 κριτων
2334 3938 2615 4034 αξίωμα

380 4049 519 4148 τήν
571 4052 1003 4149 φιλοτιμίαν
1054 4050 1473 4173 υπερέβαλε
1577 4041 2003 4144 νικήσαντος
2053 4047 2132 4121 δὲ
2181 4043 2323 4119 τοῦ
2347 4051 2613 4141 Σοφο-

375 4158 623 4237 κλέους
673 4159 980 4255 λέγεται
1009 4149 1143 4229 τόν
1191 4146 1566 4243 Αἰσχύλον
1616 4147 1999 4271 περιπαθῆ
2046 4143 2441 4243 γενόμενον
2491 4174 2612 4218 και

382 4261 659 4354 βαρέως
711 4253 1136 4352 ἐνεγκόντα,
1190 4249 1452 4352 χρόνον
1507 4250 1595 4328 οὐ
1645 4246 1893 4326 πολυν
1925 4246 2304 4375 Αθήνησι
2346 4254 2611 4341 διαγα-

383 4369 589 4455 γεῖν,
657 4358 796 4435 εἶτ’
848 4364 1189 4451 οἴχεσθαι
1242 4354 1332 4430 δι
1385 4351 1612 4454 ὀργην
1660 4359 1759 4442 εἰς
1806 4354 2191 4444 Σικελίαν,
2260 4351 2444 4426 ὅπου
2494 4348 2633 4422 καί

390 4460 817 4561 τελευτήσας
867 4461 1032 4562 περι
1097 4463 1336 4538 Γέλαν
1400 4461 1837 4536 τέθαπται.
1900 4459 2131 4545 Quum
2198 4478 2335 4526 non
2392 4452 2611 4521 statim
