3325 5317
731 448 862 511 iao
979 445 1147 505 DE
1191 443 1515 506 CHORO
1570 440 2149 507 EVMENIDVM
2190 442 2674 507 AESCHYLI
2768 534 2773 537 ι

729 619 991 723 lorum,
1044 599 1425 702 Iaoobsius,
1475 626 1583 702 et,
1653 616 1848 707 quod
1894 617 2184 702 mireris,
2245 615 2393 708 ipse
2430 615 2869 708 Boettigorus
2903 604 2974 685 fn

731 706 909 790 libro
950 720 1043 790 de
1088 721 1398 812 personis
1434 720 1796 790 Furiarum
1845 742 1916 812 p.
1965 721 2036 788 2.
2088 742 2502 810 quamquam
2547 717 2670 788 hic
2708 740 2796 786 eo
2810 765 2835 804 ,
2896 728 2976 788 ut

730 825 1016 895 videtur
1014 872 1035 909 ,
1111 824 1432 893 inclinans
1445 871 1468 910 ,
1546 833 1622 892 ut
1670 825 1794 892 nisi
1846 824 2332 916 quinquaginta
2347 872 2370 909 ,
2449 831 2635 892 certe
2694 822 2977 891 omnino

729 929 966 1020 plures
1015 950 1222 1018 quam
1290 926 1424 996 XV
1491 949 1813 1019 personas
1871 926 2069 998 chori
2137 949 2350 1018 usque
2409 925 2503 995 ad
2557 924 2981 996 Eumenides

731 1033 938 1099 fuisse
981 1040 1228 1124 putet:
1299 1030 1573 1100 Polluci
1609 1030 1888 1132 quidem
1905 1080 1926 1116 ,
1990 1053 2235 1123 parum
2275 1038 2593 1099 accurato
2620 1029 2974 1120 -scriptori,

731 1136 1008 1203 omnino
1047 1134 1237 1207 credi
1280 1157 1418 1202 non
1445 1132 1684 1203 debuit
1699 1182 1722 1221 ,
1771 1135 2168 1228 praesertim
2205 1135 2277 1203 in
2315 1155 2392 1202 re
2406 1183 2429 1222 ,
2480 1154 2661 1223 quae
2701 1134 2817 1202 vel
2844 1155 2975 1226 per

729 1262 803 1307 se
842 1262 1085 1330 parum
1110 1237 1453 1308 credibilis
1483 1247 1674 1307 esset.
1780 1237 1969 1322 Quid
2009 1237 2222 1307 vero?
2271 1260 2356 1313 an
2398 1246 2544 1305 tum
2583 1258 2862 1326 quoque
2909 1235 2975 1304 ei

731 1319 944 1410 fidem
987 1328 1423 1424 habebimuS,
1487 1364 1700 1430 quum
1749 1342 1917 1409 alios
1932 1389 1954 1426 ,
2022 1350 2090 1409 et
2143 1341 2419 1431 quidem
2468 1341 2781 1429 antiquos
2836 1339 2971 1406 do·-

732 1455 1016 1536 ctosque
1061 1444 1538 1537 grammaticos
1555 1493 1576 1528 ,
1622 1445 1835 1511 immo
1850 1438 2343 1534 Aeschylum
2325 1466 2580 1535 ipsum,
2632 1443 2971 1512 contraria

729 1549 1028 1643 prodere
1067 1547 1633 1640 cognoverimus?
1685 1546 2037 1631 Quodvel
2079 1547 2471 1618 coniectura
2495 1548 2759 1636 assequi
2800 1545 2973 1615 lice·-

729 1655 851 1721 bat
867 1701 888 1738 ,
938 1655 1564 1743 Agamemnonem,
1623 1649 2118 1742 ChoephoroS,
2179 1661 2248 1720 et
2275 1651 2684 1719 Eumenides
2702 1699 2723 1736 ,
2768 1649 2973 1717 simul

727 1756 798 1823 in
838 1778 1110 1824 scenam
1152 1754 1523 1845 productas
1569 1776 1745 1839 esse,
1811 1755 1885 1822 id
1924 1754 2172 1823 diserte
2218 1754 2573 1822 confirmat
2621 1758 2972 1846 gramma-

728 1859 899 1931 ticus
914 1906 935 1943 ,
988 1857 1108 1947 qui
1133 1857 1397 1949 scripsit
1423 1868 1896 1950 argumentum
1928 1858 2480 1950 Agamemnonis,
2528 1855 2970 1948 Olympiadis

730 1960 932 2029 etiam
969 1984 1325 2029 numerum
1356 1984 1737 2051 annumque
1756 2009 1777 2046 ,
1830 1972 1898 2030 et
1946 1984 2194 2030 nomen
2240 1960 2581 2030 archontis
2623 1960 2969 2031 adficiens.
3019 1990 3029 2003 ·

729 2058 942 2148 Quod
997 2064 1051 2134 si
1103 2084 1317 2154 usque
1378 2065 1468 2134 ad
1527 2065 1941 2134 Eumenides
1985 2064 2470 2156 quinquaginta
2527 2073 2719 2132 erant
2773 2062 2974 2139 chori

723 2191 1056 2260 personae
1072 2218 1095 2257 ,
1144 2161 1434 2236 ωιίᾱειιι
1484 2169 1686 2236 etiam
1730 2169 1799 2235 in
1844 2170 2369 2290 Agamemnone
2407 2167 2610 2236 fuisse
2649 2186 2781 2259 par
2834 2175 2975 2234 ests

725 2272 1030 2339 nondum
1070 2271 1250 2339 enim
1289 2273 1425 2339 lata
1458 2282 1601 2339 erat
1639 2272 1755 2339 lex
1790 2273 1948 2367 ista,
2002 2273 2063 2339 si
2096 2294 2418 2361 umquam
2461 2271 2598 2338 lata
2643 2278 2777 2354 est,
2831 2291 2972 2359 qua

724 2374 1118 2465 quindecim
1147 2397 1288 2443 esse
1317 2375 1723 2445 iuberentur.
1827 2375 2080 2445 Contra
2109 2376 2179 2444 si
2190 2378 2325 2443 iam
2354 2374 2422 2441 in
2449 2375 2972 2464 Agamemnone

724 2479 977 2548 chorus
1030 2503 1069 2547 e
1109 2478 1501 2568 quindecim
1540 2471 1846 2570 personis
1885 2482 2263 2567 constabat,
2328 2496 2465 2545 non
2494 2476 2720 2545 modo
2750 2497 2972 2544 stenm

726 2581 950 2650 dem
927 2604 999 2648 m
1035 2582 1490 2650 Eumenidum
1533 2582 1754 2651 choro
1808 2602 2163 2651 numerum
2204 2572 2405 2657 fuisse
2440 2579 2803 2671 probabile
2842 2587 2969 2663 est,

647 2745 659 2752 .
722 2684 846 2751 scd
902 2706 1173 2753 necesse
1234 2694 1334 2752 est
1380 2685 1582 2752 etiam
1599 2695 1641 2771 ,‘
1685 2685 1858 2753 falsa
1915 2686 2220 2754 retulisse
2260 2684 2638 2771 Pollucem.
2750 2681 2972 2770 Atqui
3059 2752 3066 2757 ,

724 2781 1117 2856 scholiastes
1140 2786 1611 2877 Aristophanis
1643 2787 1734 2854 ad
1775 2788 2054 2876 Equites
2086 2811 2151 2858 v.
2180 2786 2353 2855 586.
2391 2810 2603 2876 quum
2632 2783 2970 2855 ostendis-
3081 2794 3094 2801 ”

725 2899 859 2973 set,
912 2889 1252 2956 comicum
1285 2889 1576 2958 chorum
1617 2912 1937 2981 personas
1967 2889 2277 2960 habuisse
2308 2890 2572 2976 XXIV,
2624 2890 2803 2958 haec
2833 2887 2966 2956 ad-

725 2990 858 3059 dit:
912 2989 954 3064 o‘
999 2992 1075 3064 δὲ
1116 2986 1455 3087 τραγικός
1512 2994 1586 3066 ιε’
1595 3000 1616 3077 ,’
1685 2991 1774 3073 ὥς
1819 2989 2186 3085 Αἰσχύλος
2226 2989 2753 3087 Ἀγαμέμνονι.
2871 2993 2968 3060 At

671 3094 897 3185 oquid
930 3104 1028 3161 est
1068 3092 1260 3163 hoc?
1307 3094 1451 3164 Cur
1476 3095 1865 3165 scholiastes
1887 3097 1957 3165 in
1984 3121 2094 3183 re,
2147 3120 2322 3187 quae
2352 3096 2652 3165 omnium
2676 3105 2966 3186 tragoe-

725 3197 994 3265 diarum
1036 3199 1412 3266 communis
1455 3210 1598 3267 erat
1613 3248 1634 3285 ,
1701 3200 1792 3268 ad
1836 3198 2017 3268 hanc
2059 3201 2367 3269 fabulam
2409 3200 2683 3285 maluit,
2755 3220 2966 3288 quam

722 3301 814 3370 ad
862 3323 1093 3368 omnes
1140 3301 1563 3390 provocare?
1636 3302 1970 3371 Stanleius
2017 3303 2107 3370 ad
2152 3305 2448 3372 indicem
2499 3322 2964 3394 personarum,

720 3422 900 3495 quae
949 3415 1099 3472 sunt
1138 3406 1208 3472 in
1233 3407 1787 3497 Agamemnone,
1839 3406 2215 3475 cavendum
2248 3407 2448 3490 dicit,
2498 3430 2584 3475 ne
2613 3406 2759 3495 quis
2791 3426 2962 3496 per·-

724 3530 919 3579 sonas
958 3506 1091 3577 XV
1141 3530 1225 3576 ex
1278 3509 1441 3599 lege
1480 3508 1684 3578 fuisse
1719 3518 1948 3600 putet,
2024 3510 2579 3600 quandoquidem
2624 3509 2802 3577 haec
2848 3508 2965 3577 lex

720 3624 959 3703 postea
1004 3612 1282 3680 demum
1327 3613 1464 3680 lata
1501 3612 1600 3679 sit.
1702 3615 1795 3681 At
1833 3613 1927 3680 ita
1973 3624 2260 3705 augetur
2290 3613 2490 3680 etiam
2523 3613 2623 3681 rei
2656 3611 2965 3681 difficul-

722 3723 843 3787 tas,
959 3716 1139 3783 Nam
1187 3716 1243 3783 si
1279 3715 1373 3782 ita
1427 3715 1823 3784 existimavit
1867 3717 2196 3785 Stanleius
2211 3765 2233 3802 ,
2296 3725 2450 3783 ante
2489 3716 2715 3784 istam
2725 3716 2966 3809 legem

721 3817 1148 3885 arbitrarium
1173 3819 1374 3888 fuisse
1394 3808 1831 3909 personarum
1861 3830 2237 3905 numerum,
2289 3819 2730 3910 ineptissimus
2747 3817 2968 3887 fuerit

720 3919 847 3986 iste
891 3919 1280 3990 scholiastes
1325 3940 1595 3992 necesse
1645 3933 1776 4007 est,
1856 3924 1976 4011 qui
2014 3922 2410 4015 exemplum
2454 3944 2538 3990 ex
2579 3922 2658 3990 iis
2709 3920 2964 3991 fabulis

721 4021 1024 4114 petierit,
1088 4023 1158 4091 in
1203 4024 1443 4112 quibus
1482 4047 1619 4093 non
1676 4035 1818 4093 erat
1869 4025 2178 4095 definitus
2231 4034 2581 4094 cantorum
2619 4045 2962 4109 numerus,

720 4134 862 4193 no'n
903 4147 986 4211 ex
1023 4124 1167 4211 his,
1219 4127 1289 4194 in
1330 4128 1573 4218 quibus
1611 4127 1798 4196 idem
1834 4129 1961 4197 ille
1996 4124 2347 4213 numerus,
2395 4142 2961 4219 quem-comme-

720 4237 977 4313 morat,
1058 4237 1134 4296 ιιι
1186 4229 1348 4319 lege
1393 4231 1817 4317 constitutus,
1864 4250 2155 4323 semper
2195 4232 2321 4300 sibi
2358 4232 2729 4301 constabat.
2828 4229 2962 4299 Di-

721 4355 937 4427 gnum
992 4340 1093 4399 est
1148 4330 1464 4400 scholion
1506 4334 1718 4420 istud,
1784 4335 1987 4462 quod
2034 4335 2451 4429 diligentius-
2475 4334 2958 4405 consideretur.

719 4435 975 4507 Scribit
1015 4434 1500 4530 'grammaticus
1536 4436 1666 4517 ita3
1728 4443 1801 4509 οἱ
1819 4430 1991 4536 γοῖρ
2025 4438 2163 4535 τῆς
2218 4432 2561 4536 ἄρχαίοις·
2577 4435 2960 4538 κωμῳδίας
