3325 5317
1198 471 1865 538 DISSERTATIO.
2521 477 2653 542 2⁶5

398 646 568 738 quid
601 669 888 736 :quaque
941 648 1013 715 in
1053 669 1131 715 re
1173 667 1446 731 verum,
1511 654 1785 738 aptum,
1855 642 2185 715 decorum
2202 692 2223 730 ,
2296 657 2649 717 venustum

401 753 517 820 sit:
566 751 676 819 cui
730 752 891 845 etsi,
941 759 1019 818 ut
1057 750 1199 818 dixi
1213 798 1234 835 ,
1285 750 1691 820 nutrimenta
1733 758 1802 817 et
1846 749 2106 831 cultum
2145 750 2433 839 praebet
2478 753 2651 820 anti-

398 854 667 945 quitatis
704 854 1186 948 pervestigatio
1204 907 1224 940 ,
1290 863 1518 921 tamen
1577 874 1947 945 procreare
1996 874 2150 920 eum
2165 899 2186 936 ,
2252 853 2308 920 si
2353 854 2484 921 cui·
2513 877 2650 923 non

400 967 502 1026 est
530 981 573 1024 a
616 968 853 1026 natura
878 956 1072 1026 datus
1086 1007 1107 1043 ,
1158 979 1295 1024 non
1339 962 1584 1047 potest.
1687 956 1812 1025 Est
1853 964 2079 1023 autem
2124 964 2268 1023 tam
2296 958 2653 1048 praeclara

400 1060 579 1130 haec
609 1071 813 1151 atque
848 1062 1088 1130 eximia
1114 1061 1400 1128 facultas
1420 1108 1452 1144 ,.
1491 1068 1569 1127 ut
1587 1115 1592 1122 ,
1609 1058 1758 1127 sola
1789 1059 1873 1126 sit
1902 1058 2076 1126 illud
2091 1110 2112 1147 ,
2164 1060 2353 1148 quod
2390 1062 2653 1154 ,ingenii

398 1165 670 1235 nomine
728 1165 1079 1257 appellare
1124 1164 1612 1236 consuevimus,
1733 1161 1890 1247 Qua
1948 1162 2066 1251 qui
2120 1163 2412 1253 praediti
2444 1171 2449 1178 '
2480 1170 2651 1250 sunt,

401 1268 603 1337 etiam
645 1269 701 1336 si
745 1269 1016 1338 careant
1061 1267 1184 1335 illa
1199 1317 1218 1354 ,
1272 1289 1477 1356 quam
1524 1265 1746 1334 statim
1780 1266 2114 1351 dicemuS,
2163 1265 2397 1336 iudicii
2441 1270 2653 1343 subtie-

397 1370 587 1440 litate
601 1420 622 1458 ,
688 1380 915 1439 tamen
967 1393 1175 1462 saepe
1235 1370 1624 1441 felicissime
1688 1377 2012 1440 exercent
2055 1377 2272 1437 artem
2325 1371 2649 1457 criticam,

404 1486 737 1565 quatenus
776 1498 857 1544 ea
881 1474 1172 1564 quidem
1212 1475 1281 1542 in
1311 1472 1736 1543 coniectandi
1779 1472 2099 1552 facilitate
2143 1473 2473 1543 consistit:
2504 1477 2653 1550 sed
2766 1473 2771 1480 ’

400 1579 457 1646 si
485 1600 591 1646 res
622 1578 1188 1650 demonstratione
1228 1577 1522 1668 indiget,
1572 1599 1798 1666 neque
1842 1577 1971 1667 ipsi
1999 1576 2129 1644 sibi
2161 1578 2476 1647 rationes·
2486 1577 2651 1647 red-

402 1681 567 1750 dere
613 1691 930 1772 possunt,
996 1704 1218 1771 neque
1265 1682 1434 1749 alios
1476 1703 1621 1770 quo
1663 1679 1752 1748 ad
1801 1703 1991 1774 suam
2046 1681 2438 1749 sententiam
2483 1705 2699 1784 1³91--

400 1784 688 1871 ducant,
740 1786 1015 1855 habent.
1082 1786 1570 1869 Quamobrem
1583 1783 1780 1852 tertia
1813 1763 2142 1852 accedere
2172 1784 2387 1853 debet·
2408 1786 2698 1855 iudiciifi

402 1888 502 1957 vis
544 1898 612 1957 et
647 1890 973 1958 subtilitas
988 1938 1008 1974 ,
1063 1912 1240 1978 quae
1279 1888 1523 1959 caussis
1566 1910 1795 1958 rerum
1837 1887 2356 1979 investigandis,
2430 1890 2651 1980 expli-

401 1992 766 2081 caudisque
808 1992 1175 2060 rationibus
1193 2041 1213 2077 ,
1267 2000 1336 2059 et
1369 1991 1718 2060 doctrinae
1764 2001 1833 2060 et
1867 1990 2087 2059 sensui
2116 1991 2351 2059 lumen
2386 1992 2648 2062 afferat.

400 2096 632 2184 Atque
672 2095 874 2163 huius
926 2095 1204 2164 demum
1246 2095 1541 2164 accessio
1587 2095 1754 2166 facit
1769 2141 1791 2179 ,
1867 2103 1944 2162 ut
1995 2093 2143 2182 quis
2185 2116 2345 2162 vere
2405 2096 2650 2187 dignus

403 2198 867 2289 appellatione
913 2198 1136 2268 critici
1185 2198 1443 2300 censeri
1490 2187 1736 2289 possit,
1815 2209 1956 2265 non
2001 2219 2191 2266 secus
2245 2219 2330 2266 ac
2364 2199 2651 2267 militem

402 2324 628 2390 neque
674 2326 861 2370 arma
902 2302 1190 2386 faciunt,
1255 2324 1402 2371 nec
1460 2301 1790 2370 fortitudo
1809 2348 1829 2386 ,
1919 2302 1975 2368 si
2029 2300 2384 2390 disciplina
2443 2311 2655 2391 atque
2750 2317 2755 2322 ’

403 2406 788 2474 exercitatio
846 2406 1062 2474 absit.
1152 2406 1277 2473 Est
1322 2413 1548 2474 autem
1586 2405 1768 2473 haec
1815 2404 1914 2471 uti
1972 2403 2530 2494 praestantissima
2577 2406 2648 2496 in

400 2508 637 2579 critico
679 2510 884 2578 virtus
897 2561 918 2598 ,
967 2511 1068 2578 ita
1102 2509 1345 2578 eadem
1392 2510 1594 2577 etiam
1624 2507 2184 2601 periculosissima
2199 2560 2219 2596 ,
2271 2530 2409 2576 non
2452 2508 2646 2598 quod

403 2611 551 2701 quis
592 2613 868 2682 nimium
912 2611 1174 2682 habere
1206 2612 1440 2681 iudicii
1472 2621 1706 2703 queat,
1758 2611 1881 2679 sed
1924 2610 2114 2700 quod
2144 2611 2331 2682 abuti
2365 2635 2448 2680 eo
2475 2634 2646 2704 pro-

403 2716 577 2784 clive
622 2728 741 2790 est.
809 2769 815 2777 -
848 2717 1080 2800 Quum
1116 2716 1295 2785 enim
1341 2715 1459 2804 qui
1505 2717 1647 2786 acri
1690 2713 1943 2783 iudicio
1994 2724 2179 2799 sunt,
2245 2714 2649 2806 plerumque

403 2818 735 2912 severiore
778 2821 1037 2890 soleant
1080 2831 1148 2889 et
1174 2820 1538 2889 fervidiore
1575 2818 1850 2911 ingenio
1884 2817 2177 2909 praediti
2223 2842 2363 2888 esse
2377 2871 2397 2908 ,
2447 2821 2648 2913 facile

405 2944 490 2991 eo
519 2924 970 3014 abripiuntur,
1023 2934 1100 2992 ιιι
1128 2923 1290 2991 sola·
1307 2923 1542 2994 iudicii
1570 2923 1640 2991 vi
1665 2922 1890 2991 omnia
1916 2922 2158 3013 perfici
2189 2946 2391 3013 posse
2425 2924 2648 2993 existi·-

402 3035 627 3112 ment,
694 3036 897 3116 atque
949 3028 1044 3094 ita
1096 3027 1310 3095 modo
1358 3050 1473 3113 ea,
1534 3051 1713 3116 quae
1750 3026 2096 3095 ‘discendo
2142 3028 2466 3118 cognosci
2520 3028 2650 3095 de-

276 3199 282 3205 ,
405 3130 605 3214 bent,
643 3131 1066 3230 negligant,
1101 3129 1312 3198 modo
1356 3153 1622 3199 sensum
1649 3129 2145 3198 admonitorem
2176 3153 2311 3199 non
2354 3130 2648 3199 audiant.

403 3235 563 3301 Non
607 3244 706 3302 est
757 3245 982 3303 autem
1021 3234 1417 3319 obscurum,
1477 3257 1606 3327 pro
1656 3256 1923 3318 rerum,
1976 3257 2140 3322 quas
2192 3236 2341 3324 quis
2381 3243 2649 3320 tractet,

405 3336 785 3406 diversitate
802 3386 823 3423 ,
896 3339 1055 3430 plus
1101 3338 1317 3406 minus
1380 3359 1537 3407 eum
1581 3335 1770 3409 abuti
1824 3336 2076 3407 iudicio
2124 3360 2346 3428 posse.
2406 3397 2412 3403 .
2477 3339 2653 3433 Sunt

407 3440 584 3507 enim
601 3487 622 3523 ,
673 3463 848 3529 quae
885 3444 1083 3511 unice
1115 3442 1367 3510 iudicio
1408 3465 1584 3534 opus
1621 3441 1957 3509 habeant:
2020 3441 2088 3509 in
2144 3444 2388 3531 quibus
2426 3442 2649 3509 nullus

408 3552 509 3611 est
548 3543 793 3612 abusus
853 3545 1102 3615 iudicii.
1206 3545 1414 3614 Aliud
1462 3555 1562 3616 est
1609 3545 1785 3616 enim
1805 3592 1826 3628 ,
1902 3567 2268 3636 perperam
2322 3544 2646 3630 iudicare,

407 3646 597 3736 quod
643 3656 867 3738 potest
917 3649 1230 3718 accidere
1286 3649 1490 3716 etiam
1543 3669 1684 3716 non
1727 3648 2029 3715 abutenti
2076 3641 2365 3727 iudicio:
2432 3647 2644 3733 aliud,

276 3844 282 3852 .
409 3749 597 3818 abuti
634 3751 886 3820 iudicio
907 3799 928 3836 ,
980 3751 1172 3841 quod
1211 3752 1439 3822 facere
1477 3758 1706 3843 potest
1748 3750 1949 3820 etiam
1974 3750 2092 3837 qui
2136 3759 2321 3819 recte
2370 3750 2643 3820 iudicat.

409 3855 583 3925 Sunt
621 3877 785 3926 vero
832 3856 1067 3940 etiam,
1120 3846 1296 3944 quae
1328 3855 1829 3925 moderatorem
1866 3852 2100 3923 iudicii
2139 3876 2401 3926 sensum
2426 3855 2645 3942 illum,

408 3980 615 4046 quem
661 3957 979 4047 diximus,
1030 3958 1408 4047 requirant:
1459 3960 1527 4026 in
1566 3980 1704 4047 quo
1737 3980 1990 4050 genere
2015 3954 2346 4049 'proprius
2393 3969 2490 4038 est
2536 3961 2647 4030 iu-

411 4060 573 4128 dicii
614 4063 854 4129 abusus
872 4112 892 4149 ,
963 4062 1019 4129 si
1062 4062 1248 4151 quiS,
1311 4063 1431 4132 ubi
1471 4084 1735 4132 sensum
1793 4062 2052 4129 consuli
2076 4063 2491 4152 oportebat,
2556 4064 2644 4131 ab

407 4163 663 4234 iudicio
725 4166 1043 4233 auxilium
1090 4174 1301 4255 petat.
1403 4167 1513 4234 Ex
1552 4166 1676 4236 illo
1734 4187 2025 4256 genere,
2100 4161 2292 4255 quod
2347 4169 2646 4258 primum
2759 4179 2764 4185 ’

407 4269 641 4360 posui,
709 4290 817 4337 res
847 4276 1017 4336 ,sunt
1064 4268 1460 4340 historicae:
1535 4271 1607 4339 in
1664 4270 1904 4358 quibus
1953 4270 2488 4363 pervestigandis
2502 4318 2524 4356 ,
2591 4268 2647 4335 si

411 4373 692 4443 materia
733 4372 947 4442 omnis
979 4379 1332 4463 congesta.
1361 4380 1492 4457 est,
1543 4372 1734 4442 nulla
1761 4372 1994 4442 renisi
2020 4374 2273 4444 iudicio
2307 4396 2480 4464 opus
2524 4384 2641 4442 est.

417 4476 647 4559 Quare
676 4476 805 4545 has
819 4524 842 4563 ,
906 4476 1027 4567 qui
1064 4476 1289 4548 omnia
1331 4476 1424 4548 ad
1463 4477 1808 4567 iudicandi
1848 4478 2266 4550 severitatem
2306 4485 2646 4566 revocant,
