3325 5317
1149 447 1816 535 msssnu'rm.
2464 474 2595 540 rso

552 643 773 713 Porro
816 636 1265 740 Εὐρυνόμη,
1317 644 1715 737 Latipasca,
1780 643 1926 716 filia
1973 641 2304 732 Oceani,
2335 638 2592 769 Χᾶρὶ-

340 749 591 844 pis-ac,
683 746 955 817 Gratias
997 748 1096 828 ei
1169 748 1475 840 peperit,
1580 742 1932 849 Αγλαῖην
1948 802 1978 840 ,
2068 742 2593 846 Εὐφροσύνην,

345 848 677 947 Θαλίην,
729 849 1176 942 Splenduam,
1227 852 1585 937 Hilarium,
1635 851 1956 924 Floram.
2006 873 2146 945 quo
2180 852 2596 947 significatur

337 952 806 1067 navigantium
849 954 1273 1026 commerciis
1312 964 1512 1049 parta
1562 955 1933 1045 opulentia.

411 1117 426 1124 ’
552 1122 819 1194 Deinde
849 1147 933 1194 ex
963 1068 1212 1198 Cerere
1241 1116 1741 1222 Φερσεφόνην,
1790 1123 2224 1212 Semoniam,
2275 1122 2690 1216 suscepiazo

339 1251 526 1319 quae
573 1251 803 1297 semen
848 1226 1220 1320 significat,
1287 1227 1480 1319 quod
1531 1227 1757 1320 segeti
1809 1228 2010 1298 affert
2050 1229 2406 1300 interitum.
2509 1226 2597 1294 Id

338 1332 667 1423 quoniam
712 1328 891 1399 terra
937 1330 1280 1416 conditur,
1347 1326 1626 1429 Ἀΐδης,
1684 1332 1752 1398 N
1754 1331 2018 1419 elucuS,
2083 1333 2381 1424 rapuisse
2423 1330 2600 1401 dici·-

337 1445 455 1505 tur
479 1434 869 1504 Semoniam
883 1482 904 1518 ,
956 1435 1227 1503 volente
1253 1434 1525 1502 Fervio.
1631 1433 1863 1519 Quam
1893 1447 2108 1506 mater
2129 1459 2339 1527 quum
2364 1434 2600 1523 requi-

338 1548 560 1624 reret,
609 1537 1069 1606 intercedente
1099 1547 1294 1628 patre
1323 1536 1511 1628 pacti
1540 1545 1724 1621 sunt,
1770 1548 1853 1606 ‘ut
1882 1541 2144 1609 tertiam
2172 1549 2440 1633 partem
2474 1560 2598 1605 an·-

336 1643 417 1713 ni
441 1641 780 1712 ‘Semonia
810 1640 987 1708 infra
1022 1650 1272 1710 terram
1320 1649 1525 1726 esset,
1604 1640 1896 1730 reliquas
1937 1643 2105 1713 duas
2138 1652 2366 1713 autem
2387 1639 2597 1734 'apud

338 1767 662 1836 superos:
715 1768 921 1834 quam
948 1744 1251 1820 fabulam
1266 1791 1288 1829 ,
1339 1743 1527 1815 cuius
1572 1766 1796 1813 sensus
1835 1749 2234 1839 perspicuus
2268 1756 2368 1816 est
2385 1794 2408 1833 ,
2458 1767 2598 1816 non

336 1849 764 1919 intellectam
808 1848 1032 1930 multis
1070 1854 1333 1944 enarrat
1375 1849 1433 1915 is
1446 1896 1468 1933 ,
1519 1847 1637 1937 qui
1665 1848 2113 1920 Homericum
2153 1851 2484 1941 hymnum
2525 1835 2626 1920 inX

339 1952 670 2023 Cererem
713 1951 896 2026 fecit.
997 1952 1112 2021 Ab
1157 1950 1412 2021 Latinis
1459 1951 1871 2045 Ptoserpina
1909 1953 2091 2025 dicta
2107 2003 2130 2044 ,
2194 1954 2389 2046 quod
2424 1973 2599 2048 pro-2

341 2057 558 2149 serpit
595 2079 635 2125 e
678 2065 859 2126 terra
884 2077 1132 2128 semen.
2312 2111 2321 2122 .

551 2223 662 2296 Ex
696 2219 1018 2312 Moneta,
1085 2249 1263 2318 quae
1320 2223 1601 2296 Graecis
1645 2225 2106 2331 Μνημοσύνη
2158 2236 2294 2314 est,
2356 2226 2596 2295 inven-

341 2331 556 2410 trices
613 2329 856 2399 artium
910 2324 1228 2412 Μούσας
1280 2328 1516 2422 genuit
1572 2329 1895 2418 Fer-vine,
1980 2355 2145 2421 quas
2201 2330 2498 2398 Romani
2556 2351 2598 2398 a

342 2432 784 2506 carminando
825 2433 1156 2548 Camenas
1206 2442 1566 2509 vocarunt.
1632 2433 1702 2501 in
1761 2457 1897 2526 qua
1943 2435 2184 2504 fabula
2232 2434 2407 2503 nihil
2464 2434 2597 2502 ob·-

341 2535 527 2610 scuri
583 2546 703 2607 est.

553 2698 783 2803 Λητω
811 2646 1074 2795 autem,
1126 2707 1427 2800 Sopitia,
1492 2708 1807 2801 geminos
1847 2708 1911 2777 ei
1953 2707 2260 2801 peperit,
2308 2701 2592 2805 Ἀπόλ-
2698 2797 2707 2800 -

347 2814 548 2884 luna
565 2864 594 2899 ,
644 2811 1025 2934 Neeinum,
1066 2813 1136 2882 in
1175 2814 1394 2882 insula
1424 2807 1690 2911 Δήλῳ,
1742 2812 2144 2899 Manifesta,
2210 2820 2281 2881 et
2308 2810 2599 2908 Ἀρτε-
2704 2809 2707 2814 ’

345 2939 525 3007 μιν,
579 2912 955 3003 Sospitam,
1004 2915 1088 2984 in
1114 2914 1462 3013 Ὀρτυγίη
1479 2969 1506 3004 ,
1559 2917 1886 2985 Emersia.
1989 2918 2169 2986 Nam
2211 2917 2600 3006 quiescente

281 3046 286 3050 ·
348 3016 620 3084 fervore
674 3017 859 3086 vitali
911 3041 1098 3087 mors
1152 3020 1600 3110 consequitur.
1699 3022 1808 3089 Ea
1875 3042 2038 3089 vero
2103 3020 2439 3114 biformis
2476 3026 2600 3101 est,
2675 3027 2679 3031 ’

345 3119 628 3188 mortali
673 3130 911 3190 natura
945 3123 1302 3192 manifesto
1341 3131 1704 3214 pereunte,
1740 3123 2076 3194 incolumi
2115 3133 2339 3194 autem
2374 3145 2599 3192 emer-

349 3231 558 3314 gente
599 3223 981 3295 immortali.
1083 3226 1323 3317 ltaque
1355 3228 1616 3318 Apollo
1664 3235 1736 3295 et
1776 3227 1996 3296 Diana
2038 3238 2330 3298 mortem
2388 3226 2602 3319 signi-

349 3327 589 3396 ficant.
639 3329 824 3398 unde
856 3353 1048 3400 arcus
1087 3340 1156 3399 et
1181 3332 1499 3423 sagittae,
1552 3341 1622 3400 et
1650 3329 1784 3398 dea
1815 3332 2127 3400 venatrix·
2227 3332 2337 3401 De
2371 3330 2597 3421 Apol-

350 3429 489 3500 line
533 3431 1130 3502 luculentissimum
1159 3434 1608 3504 testimonium
1643 3443 1855 3502 exstat
1901 3435 2099 3504 lliad.
2125 3435 2375 3504 mv.
2421 3428 2596 3499 758.

352 3555 491 3624 seq.
527 3533 618 3603 de
645 3538 980 3606 ambobus
1012 3535 1260 3628 Odyss.
1285 3538 1439 3612 XV.
1467 3538 1641 3608 409.
1679 3560 1868 3627 seqq.
1971 3538 2343 3605 Morientes
2373 3545 2600 3604 autem

352 3638 676 3725 quoniam
725 3641 953 3709 futura
993 3641 1386 3734 praesagire
1434 3641 1831 3725 creduntur,
1916 3642 1983 3708 Ν
1985 3642 2208 3709 ecinus
2270 3639 2437 3709 deus
2498 3647 2601 3708 est

353 3740 704 3827 fatidicusz
752 3744 913 3813 inde
961 3745 1025 3814 ei
1059 3747 1284 3835 poesis
1315 3753 1383 3816 et
1424 3768 1534 3813 ars
1564 3743 1863 3828 musica,
1906 3744 2321 3832 comitesque
2356 3743 2600 3811 Musae

353 3843 544 3936 ipsae
577 3845 797 3917 datae.
883 3847 1093 3922 -ldem
1133 3843 1376 3940 postea
1406 3840 1688 3937 Παιάν,
1739 3847 1988 3931 Icilius,
2037 3856 2335 3934 vocatus,
2387 3846 2601 3937 quod,

353 3970 525 4038 quos
576 3950 847 4038 feriret,
932 3954 1107 4021 vitae
1164 3950 1483 4022 molestiis
1530 3939 1997 4022 liberarentur.
2117 3950 2394 4044 Sospita
2435 3973 2600 4021 vero
2662 4009 2667 4014 .

352 4052 667 4122 mulieres
695 4054 879 4136 dicta
902 4056 1319 4141 interimere,
1370 4055 1637 4124 detorta
1677 4054 2095 4145 aliquantum
2121 4077 2280 4125 vera
2324 4055 2600 4144 fabulae

352 4149 935 4248 interpretatione,
985 4160 1269 4229 fortasse
1291 4159 1482 4248 quod
1511 4158 1828 4238 mulieres
1868 4180 2041 4243 non,
2094 4168 2168 4228 ut
2206 4159 2329 4230 viri
2370 4147 2599 4251 saepe,

357 4281 444 4329 ex
480 4261 904 4349 vulneribus,
972 4262 1093 4332 sed
1135 4262 1464 4335 incolumi
1498 4262 1907 4354 plerumque
1953 4284 2248 4355 corpore
2296 4263 2599 4331 moriun-

352 4369 483 4432 tur.
585 4365 857 4435 Eadem
890 4366 1231 4458 aliquanto
1263 4376 1422 4459 post
1459 4367 1669 4455 etiam,
1691 4367 2065 4458 puerperiq
2085 4367 2437 4460 praefecta
2451 4411 2473 4452 ‚
2523 4372 2601 4433 ut

355 4476 646 4540 matrum
669 4471 1036 4564 ,prolisqw
1080 4470 1524 4563 incolumitati
1546 4472 2006 4567 prospiceret.
