3325 5317
738 449 873 515 m
1282 442 1400 507 ns
1456 441 1742 505 nvsls
1794 441 2436 543 rusvnusvs
2611 536 2625 580 x

741 615 1142 710 Cephissum
1159 664 1182 702 ‚
1230 613 1659 706 Acheloum,
1709 613 2210 707 Borysthenem
2249 616 2374 687 illo
2400 623 2599 708 patre
2638 626 2829 687 natos
2862 642 2979 690 re-

739 724 1025 809 tulisset,
1075 721 1146 789 in
1185 719 1428 809 quibus
1468 720 1677 812 plane
1720 741 1861 788 non
1908 719 2239 789 invenitur
2252 767 2275 806 ,
2339 741 2482 810 quo
2522 722 2612 789 ab
2660 722 2804 790 aliis
2841 722 2979 791 flu-

649 826 862 896 15viis
898 823 1248 908 differant,
1299 823 1424 892 sed
1468 822 2091 914 comprehendisset
2125 845 2360 893 omnes
2395 824 2632 894 fluvios
2647 871 2671 911 ‚
2732 826 2979 918 ingen-

734 939 1010 1018 temque
1067 927 1339 996 dixisset
1377 949 1736 996 numerum
1781 950 1924 995 osse
1962 926 2236 995 istarum
2291 928 2630 1018 Apollinis
2667 928 2977 1014 tiliarum,
3065 964 3070 975 ¹

738 1055 823 1102 eo
861 1033 1072 1101 modo
1090 1081 1112 1117 ,
1179 1052 1320 1121 quo
1363 1028 1706 1100 Hesiodus
1747 1030 1990 1098 fluvios
2028 1031 2316 1118 multos,
2384 1030 2707 1120 idemque
2753 1042 2821 1101 et
2859 1034 2979 1101 alii

738 1127 970 1205 omnes
1013 1134 1386 1204 Nereidum
1431 1143 1500 1202 et
1557 1132 1986 1204 Oceanidum
2029 1156 2168 1203 non
2206 1142 2343 1201 tres
2360 1181 2382 1217 ,
2465 1134 2589 1204 sed
2645 1136 2980 1227 quinqua-

737 1240 927 1333 ginta
971 1246 1357 1322 numerant,
1426 1246 1504 1305 ut
1533 1260 1614 1306 ea
1652 1236 2118 1330 magnitudine
2147 1236 2409 1306 numeri
2443 1237 2769 1309 infinitam
2796 1242 2980 1309 mul-

734 1343 1087 1412 titudinem
1116 1342 1513 1434 significent.
1612 1342 1852 1431 Itaque
1885 1339 1999 1408 vel
2026 1350 2315 1433 propter
2345 1362 2720 1426 numerum,
2772 1366 2977 1432 quem

735 1445 963 1539 posuit
1006 1447 1369 1531 Eumelus,
1430 1466 1569 1512 non
1603 1453 1885 1535 possunt
1922 1442 2060 1513 hae
2098 1443 2343 1512 Musae
2385 1444 2744 1512 fluviorum
2778 1468 2977 1536 nym-

735 1549 922 1642 phae
963 1549 1273 1640 intelligi.
1377 1547 1590 1633 Quod
1633 1548 1691 1615 si
1732 1546 1967 1617 Musas
1983 1595 2005 1631 ,
2072 1569 2209 1615 non
2245 1546 2580 1638 nymphas
2619 1548 2977 1619 fluviorum

726 1676 883 1723 esse
919 1653 1340 1743 putabimus,
1404 1674 1542 1719 non
1585 1647 1787 1719 video
1803 1698 1825 1735 ,
1890 1650 2057 1740 quid
2085 1651 2283 1719 'aliud
2326 1649 2446 1718 illa
2489 1652 2766 1721 nomina
2797 1652 2976 1720 indi-

737 1779 896 1825 care
953 1755 1242 1847 possint,
1324 1776 1530 1843 quam
1583 1754 1840 1822 cultum
1894 1753 2263 1843 quemdam
2317 1753 2470 1825 artis
2529 1755 2827 1825 musicae
2882 1755 2973 1824 ad

737 1858 1144 1950 Cephissum
1160 1905 1182 1943 ,
1235 1856 1325 1924 ad
1370 1856 1759 1927 Acheloum
1772 1907 1793 1943 ,
1817 1856 1937 1926 ·ad
1967 1857 2466 1948 Borysthenem
2480 1905 2501 1941 ‚
2550 1859 2855 1930 similiter
2895 1868 2969 1928 ut

735 1960 1088 2030 Leonidae
1163 1961 1621 2031 Alexandrino
1706 1960 1999 2033 carmina
2077 1984 2196 2033 sua
2275 1960 2585 2033 dicuntur
2664 1961 2974 2058 ,Νειλαίη
3077 2007 3081 2011 «

735 2065 840 2135 M
837 2063 1019 2149 οὔσᾳ
1084 2063 1507 2155 Λεωνίδεω,
1584 2066 1658 2133 in
1715 2063 2182 2156 Anthologiae
2238 2063 2347 2135 ed.
2411 2065 2647 2137 noviss.
2720 2066 2853 2139 vol,
2916 2067 2970 2135 1.

735 2189 808 2259 p.
839 2164 1012 2235 291.
1055 2167 1274 2259 epigr.
1306 2166 1480 2236 321.
1581 2170 1675 2236 At
1715 2168 1861 2257 quis
1890 2174 2214 2257 umquam
2257 2167 2629 2256 quidquam
2656 2167 2976 2242 inaudivit

737 2271 829 2341 de
871 2271 1243 2363 praecipua
1282 2269 1579 2360 quadam
1621 2271 1734 2339 vel
1765 2270 2118 2342 Musarum
2148 2272 2259 2341 vel
2285 2283 2642 2362 poetarum
2667 2270 2836 2340 sede
2880 2271 2972 2341 ad
3027 2302 3036 2315 ⁸

734 2372 866 2442 hos
893 2373 1131 2442 fluvios
1147 2426 1168 2462 ,
1218 2374 1608 2467 praesertim
1638 2375 1731 2443 ad
1767 2374 2264 2465 Borysthenem
2280 2374 2315 2442 ?
2364 2374 2852 2459 Quamobrem,
2901 2383 2975 2443 ut

737 2500 875 2570 ego
920 2477 1201 2567 quidem
1244 2479 1564 2565 arbitror,
1614 2479 1671 2546 si
1709 2479 2003 2569 sapimus
2020 2526 2041 2562 ,
2091 2501 2229 2562 non
2262 2477 2712 2557 dubitabimus
2750 2478 2971 2560 fateri,

734 2581 993 2651 nescire
1041 2602 1197 2669 nos,
1264 2581 1436 2671 quid
1472 2580 1581 2649 his
1619 2582 1831 2650 tribus
1872 2581 2085 2665 Musis
2120 2582 2414 2653 voluerit
2441 2570 2799 2653 Eumelus:
2850 2581 2973 2653 sed

736 2686 936 2754 simul
974 2693 1202 2752 tamen
1244 2685 1332 2754 de
1386 2706 1470 2753 eo
1513 2685 1707 2753 nobis
1749 2708 2145 2777 persuasum
2194 2685 2594 2758 habebimus
2612 2734 2633 2770 ,
2696 2685 2973 2759 idoneas

738 2788 802 2856 ei
865 2788 1151 2855 rationes
1210 2786 1408 2856 fuisse
1425 2836 1446 2872 ,
1553 2810 1765 2876 quare
1858 2798 1928 2856 et
1998 2788 2231 2857 Musas
2320 2812 2431 2857 eas
2498 2796 2806 2873 vocaret,
2906 2797 2974 2856 et

736 2913 969 2959 earum
1034 2899 1300 2981 patrem
1362 2891 1760 2982 Apollinem
1846 2890 2279 2984 perhiberet,
2364 2901 2436 2960 et
2512 2913 2800 2961 numero
2863 2915 2972 2959 eas

729 3003 869 3062 tres
955 3016 1097 3062 esse
1168 2993 1457 3084 diceret,
1539 3004 1609 3063 et
1684 2995 1841 3081 illa,
1917 3017 2095 3085 quae
2157 2993 2445 3064 vidimus
2460 3043 2482 3082 ,
2559 2998 2835 3064 nomina
2892 2996 2970 3063 iis

731 3096 1128 3189 imponeret.
2261 3120 2272 3129 ·
2798 3118 2804 3127 ·

939 3297 1083 3381 Sed
1124 3323 1211 3375 ne
1253 3298 1348 3377 sic
1398 3303 1485 3373 ab
1527 3300 1665 3371 hac
1711 3323 1787 3379 re
1822 3300 2208 3389 discedam,
2259 3310 2334 3385 ut
2375 3324 2513 3370 non
2563 3300 2800 3375 saltem
2844 3302 2967 3372 ali-

733 3426 941 3507 quam
971 3405 1427 3478 coniecturam
1467 3406 1538 3477 iu
1570 3404 1870 3480 medium
1910 3404 2195 3485 afferam
2210 3453 2232 3490 ,
2284 3405 2541 3491 dicam,
2592 3406 2756 3497 quid
2801 3407 2968 3485 mihi

731 3508 870 3581 hac
911 3508 1003 3577 de
1047 3531 1125 3577 re
1167 3508 1494 3601 cogitanti
1529 3509 1599 3576 in
1628 3518 1923 3577 mentem
1958 3510 2244 3577 venerit:
2294 3531 2431 3577 non
2459 3509 2578 3599 qui
2624 3509 2699 3578 id
2732 3532 2965 3578 verum

733 3634 876 3682 esse
922 3613 1326 3684 contendam
1342 3662 1363 3698 ,
1444 3613 1567 3681 sed
1622 3613 1679 3680 si
1736 3611 1916 3681 forte
1954 3608 2103 3679 aliis
2151 3611 2338 3682 haec·
2367 3632 2595 3681 ansam
2634 3615 2968 3704 praebere

731 3716 986 3813 possint
1027 3716 1141 3785 vel
1196 3715 1637 3797 confirmandi
1695 3716 2145 3819 suspicionem
2181 3720 2507 3805 nostram,
2571 3716 2684 3787 vel
2731 3714 2967 3786 melius

589 3820 595 3831 ’
734 3818 899 3906 quid
945 3820 1339 3901 inveniendi.
1441 3820 1869 3911 Apollinem,
1937 3819 2228 3911 quisquis
2266 3818 2386 3891 ille
2425 3828 2559 3915 est,
2608 3819 2678 3901 in
2733 3820 2965 3913 primis

735 3920 922 4010 apud
967 3922 1454 4012 Hyperboreos
1499 3924 1791 4014 cultum,
1865 3932 1932 3992 et
1973 3923 2061 3995 ab
2107 3921 2214 3993 his
2253 3946 2406 3999 eam
2458 3922 2860 4015 religionem
2898 3924 2966 4003 in

734 4020 1109 4107 Graeciam
1137 4026 1516 4098 traductam
1556 4050 1698 4095 esse
1712 4076 1733 4112 ,
1802 4027 1957 4094 satis
1998 4034 2235 4094 notum
2283 4035 2400 4105 est,
2503 4025 2679 4095 Satis
2719 4027 2806 4095 sit
2843 4051 2966 4097 au-

733 4137 990 4197 ctorem
1020 4129 1389 4198 nominasse
1427 4131 1858 4216 Pausaniam,
1910 4129 1995 4198 V.
2033 4128 2105 4214 7,
2132 4127 2205 4196 4.
2255 4130 2344 4196 X.
2371 4124 2458 4217 5,
2509 4128 2581 4196 4.
2683 4130 2792 4198 De
2825 4130 2962 4198 hoc

731 4228 1340 4322 Hyperboreorum
1383 4233 1712 4325 Apolline
1757 4233 2094 4303 Aelianus·
2125 4231 2195 4299 in
2243 4232 2424 4301 Hist.
2453 4232 2677 4315 Anim.
2729 4232 2848 4301 XI.
2892 4232 2958 4300 l.

732 4359 815 4407 ex
854 4334 1204 4413 Hecataeo
1248 4335 1579 4405 Abderita
1618 4337 1808 4427 ‘haec
1860 4336 2119 4409 scribitz
2151 4340 2158 4349 ’
2198 4335 2384 4432 ἱεροί
2444 4337 2586 4408 εἰσι
2626 4337 2811 4432 τῷδε
2853 4334 2959 4431 τῷ

735 4437 1034 4533 δαίμονι
1099 4438 1392 4539 Βορέου
1449 4440 1568 4512 καὶ
1625 4434 1906 4536 Χιόνης
1956 4440 2139 4521 υἱέες
2181 4446 2376 4537 τρεῖς
2420 4431 2555 4512 τόν
2598 4432 2962 4538 ἀριθμόν,
