3325 5317
713 424 842 491 184
938 422 1046 484 DE
1083 419 1610 485 MYTHOLOGIA
1651 419 2138 484 emconvu
2174 418 2729 497 AN'rIQvlssmA

712 539 932 664 ortam
972 553 1362 716 perhiberi,
1425 603 1743 687 apertum
1784 602 1906 663 est.
2005 591 2158 663 Nec
2197 591 2513 664 dubitare
2552 585 2709 662 sinit
2745 593 2957 686 ipsius

708 719 1109 872 Εξῗὲἓ
1175 697 1417 787 Venti,
1482 706 1590 786 et,
1655 697 1748 766 de
1800 697 2045 832 quibus
2086 696 2298 787 infra,
2362 696 2697 768 Memnon
2748 707 2958 790 utque

915 953 1191 1049 Κρῖος,
1240 949 1570 1046 Seiugas,
1620 960 1693 1023 et
1726 952 1936 1023 Nerei
1975 952 2120 1022 filia
2152 947 2533 1061 Ευρυβῖη,
2584 952 2954 1045 Latipolla‚

710 1065 1094 1149 genuerunt
1129 1051 1576 1152 Αστραῖον,
1647 1050 2097 1147 Πάλλαντα,
2182 1052 2498 1153 Πέρσην
2615 1057 2957 1128 Pertinent

710 1159 890 1232 haec
916 1160 1142 1227 omnia
1174 1157 1267 1226 ad
1308 1159 1531 1230 sidera
1562 1159 1901 1228 caelestia.
2006 1159 2204 1245 Quae
2243 1157 2434 1249 quod
2466 1180 2551 1228 ex
2579 1163 2753 1230 mari
2785 1184 2956 1253 pro-

710 1262 860 1331 dire
904 1261 1288 1331 viderentur
1302 1309 1326 1347 ‚
1373 1272 1593 1331 mater
1627 1285 1869 1331 eorum
1912 1285 2165 1355 magna
2203 1263 2302 1331 vis
2349 1262 2548 1330 maris
2587 1285 2731 1332 esse
2773 1261 2957 1336 dicta
2995 1278 3007 1286 ’

712 1375 850 1435 est·
828 1411 851 1454 ‚
917 1364 1106 1455 quod
1153 1374 1380 1433 autem
1436 1374 1751 1457 separata
1800 1375 1870 1435 et
1918 1365 2249 1457 peculiari
2294 1386 2590 1486 corpore
2645 1368 2958 1459 praedita

710 1469 876 1538 inde
926 1477 1400 1561 exsurgerent,
1477 1479 1697 1588 pater·
1733 1467 1930 1537 datus
1981 1478 2083 1537 est
2126 1468 2320 1539 Crius
2335 1516 2359 1554 ‚
2422 1471 2956 1562 visseparatrix.

708 1572 1073 1642 Nominata
1122 1581 1225 1640 est
1274 1594 1359 1640 ea
1406 1570 1773 1664 progenies
1821 1572 2033 1641 tribus
2077 1574 2488 1642 nominibus.
2535 1567 2958 1670 Ἀστραῖος,

710 1674 1097 1758 Pendulus,
1163 1696 1248 1742 ex
1288 1672 1533 1744 eadem
1568 1674 1870 1766 origine,
1918 1674 2104 1744 unde
2144 1668 2380 1773 ᾰστηρ
2424 1684 2494 1743 et
2544 1672 2869 1772 ἄστρον,-
2915 1699 2958 1746 ι

707 1778 923 1847 verbo
980 1775 1497 1872 ovqptſtrg‘eofioet
1467 1831 1493 1868 ‚
1575 1772 1909 1864 Πάλλας,
1986 1778 2322 1863 Rutulus,
2397 1800 2578 1868 quae
2624 1787 2725 1846 est
2781 1780 2957 1849 caeli

710 1879 964 1948 circum
1015 1879 1212 1947 ax'em
1258 1901 1453 1948 suum
1511 1881 1793 1961 rotatim
1875 1878 2172 1972 deniqne
2218 1882 2536 1979 Πέρσης,
2603 1880 2956 1970 Tumens,

708 1982 964 2078 pariter
1003 1989 1078 2051 ut
1120 1980 1457 2051 Medusae
1493 1981 1892 2054 interfector
1930 1985 2250 2071 Perseus,
2317 2007 2364 2052 a
2404 1984 2616 2052 verbo
2648 1984 2956 2083 πείρων,

708 2107 841 2179 pro
875 2108 1015 2176 quo
1046 2085 1283 2182 περᾷν
1329 2086 1682 2172 usitatum,
1734 2087 1985 2157 dictus.
2032 2087 2156 2159 hic
2196 2095 2422 2157 autem
2464 2086 2783 2158 zodiacus
2829 2100 2951 2175 est,

707 2212 915 2281 quem
947 2189 1052 2258 sol
1095 2198 1425 2281 permeat.
1527 2190 1761 2279 Atque
1804 2189 1982 2262 haec
2027 2192 2121 2260 ita
2166 2212 2347 2281 esse,
2389 2190 2489 2258 uti
2526 2190 2703 2279 dixi,
2753 2214 2839 2262 ex
2876 2194 2958 2262 iis

709 2294 972 2372 clarum
1015 2302 1135 2378 est,
1186 2313 1363 2383 quae
1394 2290 1487 2361 de
1516 2292 1768 2362 horum
1792 2295 2129 2390 progenie
2162 2293 2571 2369 referuntur.

914 2464 1196 2534 Astraeo
1248 2462 1531 2556 quidem
1584 2488 1799 2556 quum
1841 2459 2081 2556 'Hw'ffi
2144 2466 2371 2552 Aura,
2432 2465 2689 2535 Ventos
2732 2486 2957 2557 pepe-

706 2567 868 2639 risse
915 2566 1163 2637 dicitur
1177 2615 1200 2654 ,
1264 2577 1699 2661 tempestates
1751 2590 1835 2638 ex
1875 2569 2174 2638 siderum
2203 2580 2545 2640 certorum
2591 2575 2746 2636 ortu
2779 2591 2958 2660 pen-

708 2670 943 2745 dentes
971 2669 1370 2742 indicantur.
1436 2671 1675 2741 Additi
1701 2670 1843 2740 duo
1877 2695 2104 2743 versus
2132 2681 2284 2742 sunt
2327 2671 2517 2764 apud
2543 2670 2959 2744 Hesiodum-

1067 2847 1243 2904 τους
1353 2821 1434 2897 δὲ
1530 2819 1709 2917 μέτ’
1811 2818 2088 2924 α’στέρα
2192 2822 2436 2947 τίκτεν
2532 2816 2955 2923 Εωςφόρον

2216 2923 2720 3049 Hpcye'veaoe,

1072 3052 1312 3124 αστρα
1362 3053 1449 3101 τε
1498 3021 2080 3121 λαμπετόωντα,
2131 3022 2232 3102 τά
2270 3026 2351 3104 τ’
2394 3022 2700 3127 οὐρανος
2742 3033 2954 3105 ἑστε-

2244 3125 2624 3229 φανωται·

710 3281 863 3372 qui,
927 3289 1001 3349 ut
1059 3281 1206 3373 ipse
1269 3304 1508 3351 eorum
1563 3305 1772 3351 nexus
1802 3343 1807 3346 .
1832 3305 1991 3353 cum
2047 3285 2608 3373 praecedentibus
2657 3285 2957 3377 prodere

708 3385 974 3455 videtur
991 3434 1012 3470 ,
1079 3385 1283 3454 aliam
1298 3432 1320 3471 ‚
1393 3408 1682 3475 eamque
1736 3385 2182 3456 recentiorem
2222 3388 2528 3459 fabulam
2589 3391 2955 3463 continent.

708 3490 894 3559 Nam‘
916 3488 1033 3558 hic
1066 3482 1265 3569 Ἠώς
1297 3489 1632 3558 Auroram
1664 3487 1999 3581 significat
2013 3537 2035 3575 ,
2087 3498 2159 3559 et
2186 3486 2590 3585 propterea,
2641 3492 2834 3583 quod
2867 3494 2957 3562 ab

711 3593 967 3662 oriente
997 3592 1159 3661 oriri
1201 3592 1425 3661 sidera
1448 3592 1761 3663 videntur
1774 3603 1811 3679 ‚'
1846 3600 2063 3662 mater
2101 3593 2354 3664 horum
2389 3618 2534 3666 esse
2576 3594 2846 3669 dicitur.

623 3801 711 3862 w
861 3745 866 3750 ’
922 3780 1242 3871 Sequitur
1264 3781 1555 3851 maxima
1580 3789 1741 3851 natu
1776 3778 2161 3867 Oceaninffi
2194 3774 2438 3870 Στύξ,
2489 3781 2739 3874 mgna.
2789 3783 2960 3852 Eius
3098 3789 3107 3792 k

716 3902 966 3952 nomen
1009 3910 1051 3954 a
1092 3888 1303 3954 verbo
1347 3879 1594 3959 στύειν
1639 3884 2029 3953 derivatum.
2046 3893 2394 3954 concretas
2423 3884 2684 3976 ffigore
2709 3886 2781 3953 in
2822 3887 2960 3954 otis

717 3983 1105 4053 borealibus
1148 3983 1354 4076 aquas
1394 3988 1811 4081 significare,
1862 3986 2015 4055 satis
2072 4008 2359 4077 arguere
2401 3986 2671 4058 videtur
2720 3988 2960 4057 distin-

665 4089 676 4092 *
714 4095 825 4155 cta
858 4085 1259 4178 descriptio,
1311 4113 1489 4179 quae
1530 4101 1629 4160 est
1669 4092 1739 4158 in
1768 4090 2184 4183 Theogonia
2228 4113 2270 4157 a
2311 4113 2377 4158 v.
2407 4086 2581 4159 775.
2680 4093 2773 4162 Ei
2805 4115 2959 4160 ma·-

714 4188 876 4284 ritus
917 4186 1113 4258 datus
1154 4186 1491 4282 Πάλλας,
1565 4193 1895 4279 Rotulus,
1957 4192 2150 4282 quod
2206 4193 2379 4261 caeli
2434 4192 2693 4264 circum
2757 4217 2954 4272 axem

716 4314 907 4362 suum
948 4292 1279 4363 rotatione
1319 4304 1493 4363 stato
1552 4305 1863 4389 tempore
1915 4296 2159 4364 bruma
2202 4295 2399 4364 redit.
2499 4296 2657 4366 Nati
2699 4295 2957 4368 horum

717 4405 869 4465 sunt
926 4394 1202 4494 Ζῆλος,
1262 4397 1650 4469 Aemulatio
1663 4445 1689 4486 ‚
1769 4397 1962 4490 quod
2004 4398 2335 4470 alluentes
2369 4399 2668 4492 glaciem
2727 4402 2959 4473 undae
