3325 5317
1154 483 1806 547 DISSERTATIO.
2520 490 2618 557 88

361 654 651 725 fendere
690 662 968 726 conatus
1019 664 1120 726 est
1174 680 1413 732 censor
1467 657 1773 728 editionis
1816 656 2268 729 Schiitzianae
2303 661 2376 729 in
2417 658 2608 738 Βίαν.

359 761 625 833 lenens.
662 757 887 827 1813.
918 783 1146 829 meuse
1171 760 1459 832 Octobri
1485 787 1561 855 p.
1583 762 1756 832 117.
1858 763 2001 833 Sed
2033 762 2152 836 hic
2176 766 2282 833 vir
2304 765 2609 836 nondum

363 887 516 932 eam
533 911 555 949 ,
626 885 834 952 quam
872 864 1038 932 velis
1057 912 1078 948 ,
1147 887 1304 935 cum
1349 866 1700 958 Aeschylo
1766 866 2032 961 videtur
2085 867 2609 938 familiaritatem

359 967 794 1037 contraxisse.
900 966 1338 1060 Glasguensis
1370 969 1646 1059 quidem
1677 967 1927 1055 editor,
1976 980 2054 1040 ut
2078 968 2256 1041 haec
2286 971 2610 1041 damnare
2661 993 2664 998 ·

360 1071 699 1155 debebat,
779 1071 878 1138 ita
927 1094 1062 1139 non
1125 1072 1455 1157 debebat,
1517 1073 1824 1141 Piersoni
1882 1082 2107 1143 motus
2179 1073 2470 1161 iudicio,
2538 1075 2609 1143 in

359 1175 652 1246 Eumen.
707 1197 770 1241 v.
804 1172 1028 1243 1⁰17.
1081 1177 1293 1246 verbo
1326 1176 1781 1262 ἑπιδιπλοίζω
1813 1198 2022 1248 uncos
2050 1178 2418 1270 apponere.
2462 1176 2609 1248 Sed

359 1278 626 1371 saepius
655 1276 775 1345 ille
799 1277 1002 1363 alios,
1052 1302 1181 1351 nec
1213 1302 1483 1371 semper
1516 1277 1695 1347 fidos
1737 1279 1943 1349 duces
1981 1282 2300 1370 sequitur.

563 1429 710 1499 Sed
746 1439 824 1499 ut
867 1430 1192 1501 addendo
1247 1441 1609 1526 peccatum
1659 1441 1758 1501 est
1803 1433 1988 1524 apud
2033 1432 2452 1524 Aeschylum
2487 1458 2613 1503 ⁴ra·-

332 1530 528 1619 rius,
592 1534 686 1602 ita
734 1534 1303 1626 frequentissime,
1370 1537 1725 1625 multoque
1772 1538 2077 1630 saepiuS,
2145 1561 2354 1627 quam
2397 1538 2611 1609 critici

358 1637 1009 1724 animadverterunt,
1063 1637 1354 1709 erratum
1388 1650 1488 1709 est
1534 1640 1934 1708 omittendo.
2038 1639 2244 1709 Cuius
2271 1641 2371 1709 rei
2397 1664 2614 1729 quum

355 1739 655 1831 plurima
706 1743 959 1832 possim
1020 1744 1333 1835 exempla
1375 1744 1728 1835 proferre,
1818 1743 2054 1835 paucis
2115 1753 2370 1813 tantum
2435 1754 2608 1830 utar,

358 1865 537 1933 quae
580 1855 732 1914 sunt
773 1846 1144 1942 eiusmodi,
1195 1857 1270 1915 ut
1305 1847 1583 1939 reponi,
1638 1846 1828 1936 quod
1863 1847 2180 1916 omissum
2222 1858 2356 1934 est,
2404 1869 2610 1941 posse

354 1946 684 2016 videatur.

561 2051 724 2119 Mos
754 2061 853 2120 est
876 2053 1328 2145 tragicorum,
1380 2074 1606 2121 versus
1647 2052 1821 2120 inter
1857 2052 2323 2143 colloquentes
2357 2075 2600 2145 perso-
2616 2059 2700 2123 lo

358 2177 483 2240 nas⁸
524 2156 998 2249 aequali-lege
1042 2157 1476 2240 distribuere,
1528 2179 1654 2225 nec
1689 2155 1809 2222 nisi
1847 2167 1961 2224 aut
1999 2156 2069 2223 in
2116 2156 2302 2224 initio
2319 2205 2340 2242 ‚
2392 2165 2506 2224 aut
2537 2156 2610 2226 in

358 2258 493 2326 fine
526 2259 640 2326 uni
667 2282 998 2350 personae
1040 2260 1307 2351 plureS,
1359 2283 1565 2349 quam
1601 2258 1834 2342 alteri,
1886 2282 2112 2328 versus
2157 2258 2342 2327 dare.
2463 2258 2608 2327 Sed

360 2361 617 2430 faciunt
641 2355 781 2431 hoc
812 2365 1013 2432 etiam
1038 2364 1108 2431 in
1135 2364 1364 2432 medio
1394 2363 1742 2451 colloquio
1761 2411 1781 2446 ,
1833 2362 1930 2429 ibi
1959 2362 2256 2453 quidem,
2309 2363 2428 2429 ubi
2456 2385 2609 2429 ma-

360 2465 525 2532 teria
569 2467 899 2555 colloquii
944 2478 1239 2535 mutatur
1257 2516 1277 2550 ,
1341 2476 1416 2534 ut
1458 2466 1644 2556 quasi
1701 2486 1947 2533 novum
2001 2464 2249 2532 institui
2300 2464 2609 2533 videatur

365 2568 806 2659 colloquium.
909 2571 1147 2659 Itaque
1176 2571 1472 2659 aliquam
1506 2568 1832 2636 rationem
1881 2566 2093 2635 habet
2119 2567 2311 2637 locus
2334 2568 2404 2634 in
2429 2568 2608 2635 Pro-

364 2669 642 2741 metheo
694 2697 753 2742 v.
800 2671 973 2741 623.
1020 2675 1139 2742 ubi
1170 2697 1378 2763 quum
1419 2671 1867 2741 Prometheus
1915 2679 1983 2739 et
2020 2671 2098 2738 lo
2133 2670 2409 2762 singulis
2453 2693 2608 2739 ver-

366 2777 546 2845 sibus
610 2777 1080 2861 alternassent,
1142 2776 1229 2846 de
1271 2776 1689 2845 Prometheo
1750 2774 2217 2864 colloquentes
2238 2822 2259 2859 ,
2322 2774 2459 2842 iam
2500 2774 2605 2860 Io,

367 2878 457 2948 de
504 2903 576 2948 se
623 2903 1002 2952 sermonem
1049 2873 1404 2965 iniectura,
1474 2880 1741 2947 duobus
1791 2879 2090 2947 versibus
2120 2876 2608 2947 Prometheum

364 2983 772 3073 alloquitur,
856 2984 1455 3077 progredientibus
1520 2982 1772 3051 deinde
1824 3004 1955 3073 per
2017 2980 2319 3073 singulos
2379 3003 2607 3050 versus

361 3085 647 3157 vicibus.

570 3190 721 3265 112.
775 3190 896 3263 καὶ
931 3185 1110 3285 πρός
1139 3218 1221 3284 γε
1254 3183 1547 3270 τούτοις
1542 3191 1813 3312 ‘veona
1864 3187 1993 3311 τῆς
2025 3186 2199 3282 ἐμῆς
2232 3179 2503 3281 πλάνης

779 3298 1050 3383 δεῖξον,
1105 3293 1213 3374 τίς
1244 3296 1450 3366 ἔσται
1479 3294 1572 3389 τῇ
1597 3284 2036 3384 ταλαιπώρῳ
2066 3283 2343 3383 χρόνος

568 3392 867 3471 ΠΡ.τό
906 3392 1012 3494 μή
1043 3402 1320 3493 μαθεῖν
1370 3424 1487 3469 σοι
1531 3402 1862 3489 κρεῖσσον
1907 3392 1954 3490 ἤ
1977 3398 2255 3486 μαθεῖν
2298 3384 2498 3465 τάδε.

568 3501 721 3575 ΙΩ.
772 3495 999 3599 μήτοι
1030 3505 1126 3595 μὲ
1152 3494 1426 3598 κρύψῃς
1454 3494 1713 3578 τοῦθ’,
1766 3495 1945 3592 ὅπερ
1973 3497 2209 3590 μέλλω
2239 3500 2535 3567 παθεῖν.

362 3651 504 3722 Sed
545 3663 914 3744 utcumque
963 3653 1140 3724 haec
1189 3651 1671 3736 defendantur,
1737 3650 2087 3741 responsio
2143 3647 2421 3739 puellae
2466 3659 2606 3714 non

362 3758 516 3826 satis
558 3760 915 3827 convenire
951 3759 1220 3827 videtur
1255 3777 1410 3827 cum
1458 3778 1542 3825 eo
1559 3805 1579 3840 ,
1631 3753 1824 3843 quod
1851 3750 2294 3821 Prometheus
2330 3749 2605 3818 dixerat.

361 3862 540 3929 Nam
581 3886 791 3952 quum
843 3862 1175 3954 particula
1229 3856 1455 3957 μήτοι
1502 3856 1962 3930 concludentis
2006 3856 2127 3941 sit,
2199 3856 2609 3923 contrarium

363 3967 590 4056 potius
632 3990 838 4056 quam
884 3966 1058 4034 illud
1076 4016 1096 4052 ,
1167 3959 1355 4054 quod
1404 3964 1599 4047 dicit,
1674 3958 2085 4031 concludere
2130 3957 2461 4043 debebat,
2524 3966 2605 4026 ut

361 4071 605 4139 rectius
663 4069 1079 4138 adversativa
1136 4069 1472 4161 particula
1528 4090 1732 4134 usura
1790 4065 2026 4146 fuerit,
2101 4056 2285 4135 ἄλλιί
2345 4056 2451 4156 μή
2508 4085 2607 4155 με

361 4167 639 4270 κρύψῃς
678 4172 934 4255 τοῦθ’,
991 4172 1169 4266 ὅπερ
1224 4175 1457 4264 μέλλω
1513 4171 1806 4243 παθεῖν.
1915 4166 2094 4236 Vide
2136 4187 2300 4234 vero
2363 4165 2607 4233 miram

364 4276 455 4344 ad
486 4277 671 4348 hunc
698 4278 933 4348 locum
980 4277 1382 4346 scholiastae
1418 4273 1956 4342 adnotationem.
2024 4270 2315 4362 λέγουσι
2362 4266 2497 4341 δὲ”
2452 4294 2603 4352 οτι,

364 4407 411 4451 α
441 4383 556 4454 δεῖ
572 4383 955 4474 γενεᾝσθαι
1010 4382 1252 4455 ταῦτα
1296 4377 1414 4452 καὶ
1440 4370 1841 4475 γενήσεται.
1946 4375 2144 4460 Quae
2187 4371 2355 4461 quid
2396 4366 2620 4452 aliud

361 4505 570 4571 quam
619 4484 816 4573 facit,
890 4495 968 4555 ut
1024 4485 1351 4578 suspicari
1417 4483 1784 4552 debeamus
1798 4529 1820 4567 ,
1903 4480 2339 4651 intPerpzretem
2382 4475 2606 4556 istum,
