3325 5317
767 1305 930 1394 DE
1019 1304 1377 1394 Mvsls
1475 1303 2269 1394 FLVVIALIBVS
2356 1304 3029 1397 EPICHARMI

1460 1464 1624 1553 ET
1706 1464 2164 1553 EVMELI
2227 1463 2340 1587 *).

715 1959 923 2067 ⁸Est
970 1996 1308 2088 quaedam
1351 1986 1567 2067 'etiam
1626 1999 1976 2071 nesciendi
2031 2023 2137 2069 ars
2196 2006 2265 2073 et
2318 1997 2613 2068 seientia.
2744 1998 2923 2067 Nam
2965 2000 3022 2067 si

767 2113 969 2194 turpe
1013 2111 1111 2171 est
1151 2102 1408 2173 nescire
1426 2154 1448 2191 ‚
1500 2125 1678 2193 quae
1702 2113 1983 2195 possunt
2013 2103 2162 2174 sciri
2182 2151 2203 2190 ‚
2252 2123 2390 2170 non
2419 2103 2634 2169 minus
2666 2110 2867 2194 turpe
2896 2112 3017 2189 est,

767 2208 938 2276 seire
965 2229 1037 2274 se
1064 2215 1306 2297 putare
1323 2254 1344 2291 ‚
1396 2229 1571 2295 quae
1600 2207 1753 2276 sciri
1784 2216 2143 2298 nequeunt.
2220 2207 2531 2274 Alterum
2566 2205 2742 2274 enim
2785 2207 3017 2297 segni-

761 2306 931 2380 tiem
958 2319 1073 2378 aut
1093 2309 1434 2393 inertiam,
1484 2310 1775 2378 alterum
1806 2311 2182 2379 assentandi
2214 2309 2557 2377 levitatem
2588 2317 2703 2376 aut
2741 2310 3012 2378 temeri·-

764 2421 974 2482 tatem
1015 2413 1437 2503 coniectandi
1487 2402 1736 2506 arguit.⁴
1831 2415 2063 2484 Posita
2101 2422 2200 2483 est
2243 2422 2467 2481 autem
2522 2410 2701 2480 haec
2717 2460 2738 2496 ‚
2808 2435 3016 2501 quam

765 2517 964 2606 dieo,
1035 2539 1141 2585 ars
1193 2517 1263 2584 in
1328 2539 1452 2603 eo,
1523 2528 1602 2586 ut
1662 2517 1811 2606 quis
1874 2519 2192 2610 cognito,
2270 2538 2623 2605 quousque
2678 2515 3013 2608 progredi
3111 2532 3136 2555 ²

763 2619 1041 2690 sciendo
1077 2621 1313 2705 liceat,
1365 2621 1557 2710 quod
1602 2622 1772 2691 citra
1802 2630 1935 2708 est,
1987 2631 2252 2690 strenue
2297 2627 2773 2711 persequatur3
2823 2616 3015 2710 quod

764 2732 993 2792 autem
1032 2723 1210 2791 ultra
1254 2732 1353 2794 est
1368 2773 1389 2811 ‚
1464 2726 1554 2792 ab
1616 2746 1702 2792 eo
1752 2748 1895 2794 sese
1941 2712 2289 2793 abstineat.
2403 2722 2589 2792 Volo
2633 2721 2816 2791 hanc
2864 2745 3014 2792 rem

769 2828 1084 2918 exemplo
1116 2827 1452 2896 illustrare
1467 2875 1487 2915 ,
1540 2827 1731 2918 quod
1768 2829 2202 2920 suppeditant
2235 2851 2350 2912 ea,
2402 2832 2577 2916 qua'e
2617 2835 2876 2894 veteres
2923 2825 3011 2894 de

765 2929 984 2999 Musis
1036 2931 1424 2999 retulerunt.
1546 2933 1724 3000 Nam
1775 2955 1995 3022 neque
2040 2933 2158 3022 qui
2211 2931 2373 2999 olim
2440 2930 2721 3000 doctum
2768 2929 2856 2998 de
2903 2928 3009 2997 his

765 3042 1124 3127 syntagma
1155 3035 1449 3126 scripsit,
1499 3034 1713 3104 Lilius
1763 3037 2140 3127 Gregorius
2184 3033 2528 3125 Gyraldus
2544 3082 2565 3118 ,
2631 3054 2761 3102 nee
2791 3054 3010 3124 nuper
3077 3111 3084 3118 ⁸

763 3136 1030 3205 Frider.
1061 3136 1311 3210 Christ.
1358 3139 1805 3228 Pausanias,
1856 3140 2044 3209 cuius
2092 3139 2470 3207 dissertatio
2525 3136 2614 3203 de
2654 3135 3009 3204 Musarum

765 3239 955 3331 apud
988 3240 1292 3309 Graecos
1341 3240 1601 3332 origine
1619 3290 1639 3326 ,
1691 3264 2011 3326 numero,
2061 3243 2574 3330 nominibusque
2620 3239 2689 3315 in
2722 3238 3009 3307 Miscel-

762 3343 971 3413 laneis
1001 3341 1482 3411 Hafniensibus
1524 3353 1689 3411 tom.
1725 3345 1781 3413 1.
1830 3346 1992 3418 fasc.
2033 3345 2087 3413 1.
2140 3345 2322 3414 edita
2367 3354 2501 3428 est,
2553 3353 2671 3411 aut
2706 3342 2842 3431 alii,
2894 3341 3011 3432 qui

761 3446 950 3518 hune
1006 3446 1239 3516 locum
1296 3446 1662 3539 attigerunt
1723 3447 1847 3516 viri
1908 3447 2133 3533 docti,
2194 3446 2368 3516 illud
2388 3440 2666 3536 ‚2q1‘10d
2711 3446 3009 3514 omnium

762 3550 1240 3621 difficillimum
1286 3551 1355 3618 in
1400 3549 1538 3623 hac
1583 3550 2037 3643 disputatione
2084 3560 2218 3636 est,
2286 3552 2444 3619 satis
2487 3547 2857 3619 commode
2907 3549 3012 3616 vi·-

763 3653 1008 3723 dentur
1066 3655 1482 3748 explicuisse.
1586 3656 1696 3724 Ac
1745 3654 1835 3725 de
1883 3677 2165 3724 numero
2208 3653 2558 3723 Musarum
2574 3701 2595 3738 ‚
2684 3675 2850 3741 quas
2901 3651 3012 3720 alii

761 3764 897 3826 tres
931 3756 1054 3848 **)
1070 3806 1092 3844 ‚
1165 3759 1279 3828 alii
1312 3766 1663 3848 quattuor,
1715 3759 1831 3827 alii
1864 3769 2127 3852 septem
2143 3805 2163 3845 ,
2216 3755 2497 3847 quidam
2552 3767 2709 3828 octo
2726 3803 2746 3843 ,
2799 3755 3011 3847 pleri-

848 4004 909 4091 ¹⁸¹)
952 4010 1131 4071 Edita
1184 4021 1277 4072 est
1319 4033 1377 4074 a.
1430 4014 1614 4079 1819.
1674 4009 2023 4090 Ingeniosae
2053 4011 2402 4072 Buttmanni
2448 4010 2523 4071 de
2559 4009 2681 4090 hae
2727 4009 3009 4072 disserta-

763 4094 928 4156 tione
955 4094 1502 4158 animadversiones
1548 4097 1808 4156 insertae
1855 4107 1998 4158 suut
2033 4096 2450 4158 Friedemanni
2491 4105 2550 4157 et
2580 4095 2863 4158 Seebodii
2906 4095 3010 4157 Mi-

763 4180 1078 4242 scellaneis
1117 4181 1344 4242 criticis
1373 4182 1494 4244 vol.
1532 4181 1610 4243 11.
1637 4191 1799 4262 part.
1829 4182 1939 4245 111.
1973 4203 2035 4264 p.
2079 4187 2228 4252 487.
2271 4203 2442 4263 seqq.

847 4333 942 4410 ⁴¹*)
987 4333 1262 4394 Fuerunt
1301 4335 1479 4395 etiam
1496 4380 1514 4413 ,
1559 4335 1668 4416 qui
1710 4333 1862 4397 duas
1900 4345 2139 4399 tantum
2181 4355 2311 4400 esse
2339 4334 2614 4399 dicerent
2629 4379 2650 4416 ,
2693 4345 2767 4398 ut
2790 4356 2870 4399 ex
2894 4334 3012 4398 Eu-

763 4418 943 4483 docia
969 4418 1318 4483 observavit
1343 4419 1762 4484 Buttmauuus.
