3325 5317
1070 493 1735 557 DISSERTA'I'IO
1793 493 1872 557 Π.
2454 498 2584 563 14Ί

1084 689 1244 737 men
1293 665 1460 735 facit
1504 669 1784 737 Aetnae.
1835 686 1900 734 v.
1942 663 2230 734 Diodor.
2281 665 2416 737 Sic.
2460 667 2581 742 XI.

1086 767 1210 838 49.
1262 768 1512 839 Strabo
1555 770 1675 838 VI.
1730 792 1801 861 p.
1845 767 2022 837 411.
2067 791 2167 858 sq.

989 921 1061 991 4.
1091 922 1439 993 Docentur
1461 924 1741 991 Persaet
1791 944 1854 992 v.
1872 930 2343 1017 argumentum
2375 921 2587 991 scho-

1085 1026 1336 1100 liastae.
2130 1044 2137 1057 “

335 1174 983 1270 Olymp.Lxxv11.
1001 1179 1071 1248 4.
1088 1181 1402 1249 Nascitur
1433 1158 1769 1248 sem-ates.
1827 1178 2165 1249 Aeschius
2192 1179 2280 1248 ab
2301 1178 2588 1272 Sopho-

1083 1284 1190 1353 cle
1253 1304 1461 1369 annos
1509 1291 1672 1349 nato
1733 1282 2050 1353 XXVIII.
2095 1284 2406 1369 vincitur,
2476 1307 2589 1352 se-

1083 1384 1383 1455 cundum
1431 1408 1668 1454 marm.
1714 1384 1843 1454 Ox.
1894 1394 1962 1453 et
2021 1384 2464 1457 Plutarchum
2514 1388 2586 1454 in

1087 1488 1391 1558 Cimone.
1493 1487 1726 1556 Inde
1706 1511 1775 1555 m
1800 1488 2105 1559 Siciliam
2137 1490 2297 1558 abit.
2401 1489 2587 1557 Inter

1084 1591 1270 1662 hunc
1311 1613 1558 1659 annum
1594 1599 1661 1658 et
1703 1614 1898 1675 eum,
1950 1606 2091 1680 quo·
2126 1593 2376 1660 Persae
2420 1592 2585 1660 editi

1086 1704 1272 1780 sunt,
1353 1693 1778 1784 Aeschylum
1832 1695 2117 1786 Septem
2172 1695 2261 1762 ad
2300 1679 2582 1765 Thebas

1087 1797 1396 1869 docuisse
1440 1820 1672 1867 necess
1675 1820 1714 1865 e
1761 1805 1898 1882 est,
1987 1820 2164 1886 quae
2223 1798 2457 1867 fabula
2517 1806 2585 1865 et

1084 1910 1242 1993 post
1300 1902 1535 1968 Persas
1594 1909 1745 1970 acta
1808 1908 1939 1983 est,
2027 1922 2092 1969 v.
2149 1899 2397 1970 schol.
2425 1900 2588 1970 Ari-

1081 2002 1309 2094 stoph.
1355 2003 1444 2070 ad
1489 2003 1662 2071 Ran.
1722 1996 1944 2069 1053.
2005 1998 2233 2075 1058.
2293 2012 2362 2073 et
2426 2005 2585 2071 vivo

1082 2105 1379 2176 Aristide
1396 2153 1417 2192 ,
1468 2115 1544 2175 ut
1587 2103 1961 2175 Plutarcho
1991 2113 2161 2174 teste
2205 2113 2482 2175 constat.

342 2247 621 2370 Olymp.
637 2253 1017 2327 LXXVIII.
1043 2259 1112 2329 2.
1128 2244 1518 2327 Moriuntur
1544 2258 1759 2325 Hiero
1800 2267 1867 2327 et
1898 2256 2263 2343 Aristides,
2318 2257 2408 2325 de
2447 2278 2588 2347 quo

1086 2346 1467 2431 mcornel.
1518 2360 1696 2455 Nep.
1747 2383 1805 2430 c.
1853 2360 1925 2433 3.

345 2504 628 2605 Olymp.
654 2512 930 2583 LXXX.
980 2516 1050 2590 2.
1085 2515 1392 2584 Docetur
1451 2512 1775 2583 Orestea.
1842 2537 1904 2581 v.
1963 2534 2227 2603 argum.
2278 2514 2586 2606 Agame·-

1082 2619 1363 2686 mnonis.
1392 2614 1773 2707 Aeschylus
1802 2615 2173 2687 secundum
2207 2617 2384 2685 vitae
2418 2618 2587 2686 scri-

1084 2730 1357 2813 ptorem
1391 2721 1462 2787 in
1491 2719 1793 2790 Siciliam
1837 2718 1995 2787 abit.

347 2862 1060 2962 Olymp.Lxxxl.1
1088 2872 1386 2944 Moritur
1436 2866 1855 2962 AeschyluS,
1922 2869 2293 2941 secundum
2349 2873 2583 2940 marm.

1090 2976 1219 3048 Oi.
1256 2976 1528 3047 Gelae
1508 2999 1579 3044 ιιι
1623 2975 1893 3059 Sicilia,
1945 2986 2021 3043 ut
2070 2973 2536 3043 Plutarchus
2516 2998 2586 3042 m

1088 3080 1412 3164 Cimone,
1488 3080 1670 3147 vitae
1734 3078 2055 3173 scriptor,
2139 3087 2208 3143 et
2274 3074 2585 3146 Valerius

1088 3183 1425 3251 Maximus
1451 3166 1740 3251 tradunt.
1786 3180 2103 3273 Tempus
2133 3182 2385 3267 mortis,
2416 3181 2585 3251 cal-

1031 3287 1182 3356 lia
1245 3285 1569 3358 archonte
1615 3293 2035 3374 memorato,
2084 3283 2339 3354 indicat
2381 3287 2584 3352 etiam
2639 3292 2643 3297 ’

1092 3390 1330 3460 Schol.
1373 3386 1724 3480 Aristoph.
1774 3364 1951 3459 Ach.
2007 3385 2126 3453 10.

552 3536 906 3609 Habemus
944 3538 1063 3614 hic
1120 3544 1322 3613 miras
1362 3546 1764 3634 scriptorum
1806 3563 2014 3630 quum
2054 3539 2201 3608 aliis
2244 3537 2317 3606 in
2362 3537 2585 3621 rebus,

347 3644 494 3709 tum
554 3639 648 3709 de
707 3652 1017 3734 tempore
1074 3647 1287 3732 Siculi
1350 3647 1531 3717 istius
1589 3645 1841 3714 itineris
1893 3642 2328 3713 dissensiones
2346 3688 2368 3724 ‚
2422 3641 2585 3709 -aliis

348 3740 631 3835 Olymp-
695 3746 941 3817 LXXI.
1011 3749 1081 3818 1.
1151 3751 1302 3819 aliis
1355 3749 1683 3818 Lxxm.
1733 3747 1803 3814 1.
1880 3747 2024 3817 aliis
2082 3753 2247 3836 post
2300 3741 2582 3835 olymp.

346 3843 693 3917 LXXVII.
738 3848 809 3918 4.
861 3853 1005 3921 aliis
1050 3854 1343 3945 denique
1391 3844 1672 3943 Olymp.
1712 3850 1987 3921 LXXX.
2041 3846 2110 3914 2.
2161 3846 2584 3937 Aeschylum

344 3948 416 4020 in
441 3951 745 4021 Sicssiam
771 3956 1007 4028 abiisse
1033 3958 1430 4027 dicentibus.
1534 3955 1721 4039 Quas
1748 3952 2183 4021 dissensiones
2223 3960 2584 4040 antequam

348 4075 762 4147 componere
808 4061 1211 4151 aggrediar,
1258 4059 1431 4128 illud
1459 4060 1611 4126 viae
1646 4055 2045 4139 muniendae
2090 4078 2320 4126 caussa
2354 4063 2584 4124 osten-’-
2660 4120 2663 4123 .

347 4157 550 4243 dam,
599 4160 789 4248 quod
836 4185 1050 4252 quum
1095 4166 1186 4233 ab
1228 4163 1411 4247 aliis,
1462 4171 1609 4231 tum
1650 4185 1693 4228 a
1734 4160 2097 4230 Boeckhio
2146 4182 2421 4250 quoque
2458 4183 2583 4229 ne-

346 4263 652 4354 glectum
681 4263 920 4352 video,
973 4291 1142 4357 quas
1167 4266 1500 4335 habemus
1539 4288 1581 4332 a
1610 4260 2065 4357 grammaticis
2096 4265 2373 4356 scriptas
2404 4269 2582 4353 poe-

349 4373 570 4436 tarum
607 4369 776 4438 vitas
790 4417 812 4455 ,
865 4393 979 4439 eas
1017 4395 1059 4439 a
1105 4369 1382 4439 diversis
1422 4368 1811 4438 hominibus
1853 4368 2125 4437 diversis
2165 4365 2581 4458 temporibus

355 4490 394 4535 e
431 4474 628 4544 variis
676 4475 1111 4569 scriptoribus
1166 4466 1593 4544 concinnatas
1646 4496 1810 4568 esse.
1925 4473 2155 4557 Quare
2212 4474 2284 4540 in
2344 4468 2581 4536 huius-
2678 4546 2689 4551 ,.

2006 4574 2176 4664 Κ2
