3325 5317
747 474 878 542 ιιι
1175 473 1291 535 DE
1347 466 1881 536 Mnrnonvm
1946 431 2570 550 Qvon'VMn'Am
2670 474 2676 481 ·

747 656 816 720 et
852 646 1181 719 trochaeo
1211 668 1354 716 esse
1392 654 1755 716 statuamus
1772 645 1875 738 *),
1923 644 2115 735 quod
2144 632 2361 739 genus
2397 632 2456 715 si‘
2486 645 2598 715 cui
2638 636 2991 738 duplicem

748 752 939 822 basin
992 772 1242 847 =vocare
1287 750 1553 843 placet,
1635 752 1944 819 ostendat
1995 750 2200 819 velim
2213 798 2235 835 ‚
2305 771 2427 821 cur
2484 749 2816 822 secundus
2864 772 2990 841 pes

748 857 912 925 alias
966 862 1279 945 sequatur
1293 904 1315 941 ‚
1380 877 1586 944 quam
1632 876 1808 944 quae
1853 862 2015 922 sunt'
2055 854 2294 921 baseos
2334 853 2545 944 leges.
2661 853 2768 922 Ita
2825 848 2989 922 vero

748 976 888 1028 non
941 957 1157 1026 modo
1193 959 1268 1026 in
1324 967 1611 1048 utraque
1656 956 1943 1048 dipodia
1985 957 2248 1025 varians
2304 978 2615 1024 mensura
2670 955 2990 1025 idoneam

748 1062 1076 1132 rationem
1099 1061 1413 1148 habebit,
1464 1061 1585 1130 sed
1622 1071 1809 1130 recte
1849 1060 2051 1130 etiam
2090 1059 2164 1127 in
2210 1059 2511 1129 secundo
2550 1081 2746 1130 versu
2792 1061 2991 1151 prior

749 1164 1037 1257 dipodia
1079 1163 1480 1234 trochaeum
1527 1186 1660 1258 pro
1723 1162 2034 1255 spondeo
2081 1162 2402 1255 recipiet3
2465 1162 2717 1232 latente
2733 1211 2757 1249 ‚
2822 1163 2987 1252 quia

747 1269 917 1338 alius
945 1291 1257 1337 numerus
1282 1269 1610 1358 sequitur,
1663 1267 1837 1336 falsa
1876 1289 2207 1340 mensura.
2310 1264 2391 1352 In
2433 1265 2819 1359 epodorum
2860 1288 2978 1334 au-

745 1380 887 1443 tem
922 1395 1117 1441 versu
1164 1372 1487 1461 septimo,
1549 1371 1623 1438 in
1677 1371 1920 1460 quibus
1958 1370 2290 1439 'omnibus
2332 1369 2519 1459 (sunt
2573 1378 2803 1438 autem
2849 1378 2985 1438 tres

741 1478 1051 1566 tantum)
1110 1473 1544 1544 ditrochaeus
1615 1472 1926 1563 dactylos
1986 1468 2338 1564 praecedit
2351 1520 2373 1557 ‚
2466 1470 2630 1541 ferri
2674 1471 2989 1555 ,fortasse

744 1578 1132 1651 trochaicus
1179 1599 1493 1649 numerus
1507 1625 1527 1663 ,
1619 1597 1831 1665 quum
1878 1577 1961 1645 sit
2019 1575 2438 1645 brevissimus
2458 1623 2478 1660 ‚
2545 1576 2826 1667 poterit3
2888 1577 2989 1644 sin

745 1682 965 1751 minus
982 1730 1006 1769 ‚
1111 1689 1435 1774 apparet,
1547 1686 1730 1755 certe
1820 1676 2139 1750 excusari*
2216 1678 2545 1770 syllabam
2624 1679 2988 1771 ancipitem

851 1807 972 1853 sse·
1251 1834 1256 1838 .

749 1806 850 1920 ‘Po
953 1885 1099 1956 Sed
1136 1884 1601 1956 veniendum’
1582 1908 1720 1954 ram
1757 1894 1857 1955 est
1895 1884 1987 1953 ad
2033 1909 2113 1956 ea
2128 1933 2149 1972 ‚
2213 1906 2504 1975 quorum
2535 1906 2767 1957 caussa
2811 1881 2988 1961 haec

744 1984 1058 2059 disserui·
1108 2012 1193 2059 ex
1237 1990 1512 2080 quibuS‚
1565 1998 1639 2057 ut
1671 1989 1813 2060 hoc
1856 1990 2078 2057 obiter
2117 1989 2401 2073 addam,
2453 1989 2608 2056 satis
2648 1988 2987 2079 intellige-⁶

741 2101 906 2180 tur,
958 2115 1094 2165 cur·
1129 2093 1339 2161 finem
1376 2093 1742 2187 fragmenti
1782 2092 2125 2164 Pindarici
2141 2140 2164 2177 ‚
2240 2091 2428 2182 quod
2479 2115 2520 2159 a
2560 2091 2986 2160 ‹Thierschio

739 2196 814 2264 in
887 2196 1076 2268 Actis
1144 2196 1669 2267 Monacensibus
1744 2197 1799 2264 I.
1872 2196 2037 2267 fase
2115 2195 2239 2263 111.
2282 2208 2381 2288 p.
2453 2190 2626 2263 315.
2691 2217 2741 2263 s.
2805 2204 2877 2263 et
2928 2212 2997 2262 a

741 2299 1106 2369 Boeckhio
1159 2300 1230 2368 in
1287 2300 1827 2370 adnotationibus
1887 2299 1980 2367 ad
2030 2298 2267 2368 Isthm.
2322 2298 2477 2367 vn.
2510 2297 2792 2367 ‘editum
2864 2305 2984 2383 est,

654 2417 736 2480 11
748 2402 1219 2474 choriambum
1235 2452 1257 2490 ‚
1320 2408 1459 2474 non
1506 2403 1978 2473 ditrochaeum
2015 2402 2491 2474 constituerim.
2593 2402 2754 2471 Alia
2784 2398 2985 2494 frag'-

739 2515 1005 2593 menta,
1051 2506 1127 2575 in
1156 2508 1397 2598 quibus
1440 2507 1873 2593 ditrochaeus
1909 2516 2008 2576 est
2024 2555 2047 2592 ‚
2098 2507 2220 2575 ubi
2248 2505 2591 2597 epitritum
2634 2528 2776 2573 esse
2809 2524 2981 2574 con-

739 2611 1089 2703 veniebat,
1156 2611 1272 2679 vel
1310 2621 1545 2703 aperte
1591 2620 1912 2704 corrupta
1967 2618 2119 2679 sunt
2132 2658 2154 2695 ‚
2206 2610 2318 2679 vel
2366 2618 2626 2678 certum
2653 2606 2982 2676 iudicium

742 2712 1126 2781 excludunt.
1227 2713 1447 2804 Igitur
1471 2714 1755 2804 dipodia
1782 2711 2129 2784 trochaica
2174 2734 2310 2781 non
2338 2721 2566 2803 potest
2592 2711 2782 2779 aliter
2810 2731 2982 2801 pro-

738 2815 1039 2885 nunciari
1052 2862 1072 2899 ‚
1123 2836 1331 2904 quam
1371 2824 1449 2884 ut
1481 2817 1676 2908 prior
1705 2839 1830 2909 pes
1868 2816 2198 2885 maiorem
2212 2863 2234 2902 ‚
2285 2817 2624 2907 posterior
2650 2814 2980 2885 minorem

737 2918 949 2990 ictum
990 2917 1313 3010 accipiat,
1362 2926 1439 2987 ut
1470 2918 1541 2987 in
1574 2917 1718 2990 hoc
1761 2940 1954 2987 versu
1970 2967 1993 3005 ,

947 3099 1003 3144 ω
1041 3064 1491 3165 βαθνζωνων
1533 3069 1823 3146 ἄνασσα
1869 3068 2247 3169 Περσίδων
2289 3066 2686 3172 ὑπερτάτη.

738 3207 821 3307 ln
862 3230 1000 3297 qua
1042 3230 1120 3275 re
1160 3205 1333 3275 nihil
1370 3216 1587 3278 mutat
1624 3209 1905 3278 ultimae
1939 3207 2304 3301 productio
2318 3256 2340 3294 ‚
2390 3209 2551 3299 quia
2597 3234 2682 3280 ea
2719 3210 2978 3301 syllaba

736 3296 968 3380 tamen
996 3332 1129 3432 pro
1164 3311 1358 3380 brevi
1398 3319 1514 3381 est.
1621 3312 1807 3397 Quin
1832 3310 2195 3382 Boeckhio
2232 3320 2510 3383 auctore
2542 3313 2744 3383 etiam
2783 3335 2978 3383 men-

736 3437 962 3484 suram
999 3414 1070 3482 in
1110 3414 1409 3484 secundo
1436 3414 1622 3505 pede
1650 3417 1880 3537 prima
1909 3415 2172 3505 syllaba
2200 3415 2613 3503 breviorem,
2667 3439 2875 3507 quam
2909 3417 2980 3485 in

734 3520 1001 3611 primo,
1050 3515 1296 3588 habet.-
1382 3519 1523 3590 Hic
1564 3520 1746 3588 enim
1783 3519 1901 3589 lib.
1941 3519 1996 3587 I.
2042 3539 2196 3610 cap.
2228 3529 2567 3639 extremo,
2618 3531 2695 3589 ut
2721 3531 2980 3610 aequa·-

733 3618 878 3691 lem
921 3621 1182 3713 pedum
1224 3644 1603 3692 mensuram
1618 3671 1640 3711 ‚
1708 3646 1844 3714 qua
1887 3622 2102 3691 hodie
2136 3623 2373 3693 musici
2419 3632 2722 3710 utuntur,
2774 3625 2979 3693 etiam

733 3724 807 3791 in
870 3725 1211 3797 Graecam
1258 3726 1582 3796 musicam
1639 3727 1919 3806 inferret
1932 3775 1954 3814 ,
2038 3748 2265 3815 -quum
2332 3725 2406 3793 id
2466 3728 2800 3816 quosdam
2847 3749 2978 3819 per

735 3836 1023 3918 puncta,
1067 3829 1317 3919 quibus
1351 3830 1738 3923 sescuplum
1782 3831 1875 3899 ad
1918 3828 2270 3899 dimidium
2308 3840 2775 3921 comparatur,
2827 3830 2975 3903 fru-

738 3926 878 3999 s‘tra
903 3938 1170 4001 tentare
1207 3933 1651 4028 intelligeret,
1713 3956 1861 4004 rem
1918 3931 2357 4026 excogitavit,
2440 3934 2553 4003 cui
2598 3935 2729 4004 rite
2781 3956 2976 4005 exsc-

727 4031 1051 4121 quendae
1089 4034 1239 4127 ipse
1279 4038 1542 4129 Apollo
1581 4041 1807 4132 impar
1862 4036 1981 4123 sit,
2046 4056 2439 4105 mensuram.
2467 4036 2792 4129 ‹1in
2827 4046 2977 4107 tro-.-

738 4132 1021 4208 chaicae
1036 4183 1058 4222 ‚
1132 4137 1535 4211 trochaeum
1586 4141 2042 4213 irrationalem
2096 4136 2408 4209 habentis
2424 4187 2449 4226 ,
2517 4162 2602 4211 ex
2649 4140 2758 4213 his
2803 4162 2976 4215 con·-

757 4382 883 4469 ⁴⁸)
934 4375 1102 4450 Nihil
1170 4410 1320 4472 opus
1384 4411 1511 4455 esse
1580 4394 1700 4456 ha'c
1756 4395 1934 4458 metri
1993 4393 2436 4480 descriptione,
2510 4414 2590 4459 ex
2654 4414 2726 4461 ea
2778 4412 2975 4476 quam

736 4484 949 4558 postea
996 4473 1136 4540 dedi
1168 4477 1256 4540 dis
1232 4478 1559 4561 spositione
1586 4494 1875 4544 versuum
1906 4480 2280 4563 intelligitur.
