3325 5317
761 427 892 493 lvo
999 422 1105 486 DE
1142 415 1670 486 MYTHOLOGIA
1709 416 2195 483 GRAECORVM
2233 415 2786 495 ANTIQvlssmA

758 605 911 672 sunt
942 593 1178 695 Φοίβη
1212 602 1282 664 et
1317 585 1560 691 Τηθύς
1572 646 1601 682 ,
1652 589 1933 661 Februa
1953 598 2024 660 et
2047 591 2368 662 Alumnia
2383 638 2405 676 ,
2444 592 2825 663 nominibus
2855 614 2995 662 non

759 701 1085 775 obscuris.
1186 698 1444 767 Earum
1489 696 1703 783 altera
1749 695 2100 787 purgatrix
2151 704 2250 764 est
2268 742 2290 779 ‚
2340 717 2694 767 removens
2735 699 2997 766 inutilia

757 816 829 878 et
857 803 1093 883 noxia3
1141 798 1350 870 altera
1376 799 1595 868 nutrix
1608 846 1631 884 ‚
1681 799 1869 867 utilia
1893 807 1962 866 et
1989 798 2300 867 salutaria
2331 797 2721 868 admovens.
2784 800 2997 871 Clau-

759 910 860 978 dit
899 907 1043 980 hoc
1072 923 1323 997 agmen
1347 925 1513 970 unus
1527 948 1549 986 ‚
1596 901 1789 989 isque
1825 902 1950 971 etsi
1985 911 2363 992 postremus
2391 901 2459 968 in
2487 901 2716 971 lucem
2757 903 2996 988 edituS,

756 1021 984 1082 tamen
1038 1017 1193 1078 ante
1249 1015 1549 1079 caeteros
1596 1005 1857 1074 nobilis.
1959 1005 2026 1073 Is
2083 997 2411 1101 Κρόνος,
2473 1006 2776 1076 Perficus
2791 1055 2813 1092 ,
2876 1016 2995 1090 est,

758 1115 1029 1185 nomine
1048 1119 1325 1182 vocatus
1356 1116 1653 1201 cognato
1681 1129 1838 1177 cum
1860 1107 2073 1177 verbo
2110 1106 2451 1203 κραίνειν.
2553 1108 2695 1179 Hic
2725 1110 2996 1180 ultimus

758 1228 956 1305 natu,
1007 1216 1168 1308 quia
1211 1213 1503 1303 denique
1546 1221 1770 1280 motus
1799 1211 1956 1279 illos
1997 1210 2409 1301 composuit3
2457 1218 2526 1279 et
2574 1207 2995 1310 ἀγκυλομή-

760 1348 891 1420 της
904 1375 933 1411 ,
1002 1319 1161 1410 quia
1206 1317 1591 1385 diuturnum
1645 1313 1790 1385 hoc
1840 1314 1971 1383 fuit
2035 1322 2105 1383 et
2154 1313 2437 1383 difficile
2484 1302 2675 1405 opus.
2798 1315 2997 1386 Vnde

757 1433 1000 1519 postea
1049 1421 1374 1513 temporis
1417 1418 1823 1511 significatio
1856 1417 2021 1488 huic
2068 1416 2357 1504 nomini,
2420 1416 2658 1487 leviter
2711 1428 2995 1504 mutato,

760 1527 1071 1597 accessit:
1118 1546 1342 1613 neque
1382 1523 1571 1590 enim·
1604 1514 1894 1618 Κρόνος
1921 1545 1984 1590 ‚a
2016 1529 2366 1612 tempore,
2455 1521 2578 1590 sed
2627 1530 2898 1616 tempus
2953 1547 2995 1591 a

755 1625 1031 1730 Κρόνῳ
1047 1676 1070 1716 ,
1120 1627 1312 1727 quod
1340 1634 1582 1698 cuncta
1616 1624 2014 1718 perficeret,
2066 1624 2509 1716 appellatum.

962 1832 1325 1927 Excipiunt
1348 1830 1480 1901 hos
1512 1830 1692 1903 duae
1721 1832 1836 1901 alii
1859 1831 2052 1903 Caeli
2076 1831 2472 1923 Terraeque
2506 1831 2994 1923 generationes,

756 1937 1104 2031 Cyclopes
1136 1945 1204 2006 et
1232 1936 1634 2013 Centimani.,
1733 1936 2075 2028 Cyclopes
2118 1934 2302 2003 male
2342 1938 2814 2027 interpretatur
2846 1936 2997 2003 He-

755 2041 1006 2111 siodus·
1109 2041 1281 2110 Sunt
1324 2040 1502 2113 enim
1544 2033 1936 2122 Κύκλωπες
1978 2038 2292 2123 Volvuli,
2341 2061 2514 2129 quos
2560 2061 2687 2129 per
2732 2038 2997 2109 caelum

754 2145 1022 2215 volutos
1049 2146 1320 2213 auribus
1350 2143 1647 2213 oculisve
1670 2144 2122 2235 percipimuS,
2172 2142 2419 2212 tonitru
2437 2191 2459 2228 ‚
2510 2142 2804 2229 fulmen,
2857 2142 2996 2210 ful-

752 2250 1045 2344 guratio.
1146 2248 1331 2316 Hinc
1373 2247 1649 2316 nomina
1681 2269 1960 2332 eorum,
2010 2239 2377 2342 Βρόντης,
2430 2247 2746 2328 Tonuus3
2794 2251 3033 2319 Στε-’

754 2347 982 2451 ρόπης
994 2407 1023 2441 ,
1074 2350 1555 2430 Praestinxius;
1592 2346 1866 2448 ”Apch
1882 2398 1904 2435 ‚
1954 2348 2341 2440 Fulgetrus.
2447 2348 2999 2419 Centimanorum

752 2454 1103 2551 generatio
1163 2455 1422 2548 primos
1484 2463 1761 2524 conatus
1826 2453 2080 2522 indicat
2133 2453 2452 2521 animatas
2506 2461 2773 2521 naturas
2828 2474 3002 2545 pro-

754 2559 1058 2632 creandi:
1109 2581 1288 2648 quae
1327 2556 1842 2649 immanissimae
1878 2558 2181 2641 fuerunt,
2233 2555 2607 2643 luxuriante
2651 2555 2885 2632 adhuc
2931 2556 3001 2637 vi

752 2661 1173 2757 generatrice
1186 2709 1208 2746 ,
1271 2662 1568 2730 necdum
1615 2659 1901 2729 modum
1948 2659 2283 2739 adhibere
2321 2659 2548 2733 docta.
2656 2660 3002 2744 Quoniam

752 2774 990 2842 autem,
1007 2763 1258 2855 triplex
1301 2764 1573 2832 omnino
1609 2772 1708 2831 est
1738 2765 2093 2832 enormitas
2107 2811 2129 2848 ‚
2178 2763 2469 2854 ingenii,
2520 2763 2763 2832 virium
2778 2811 2801 2849 ,
2852 2750 3025 2832 for-⁸

755 2891 944 2937 mae:
991 2867 1200 2935 tribus
1230 2889 1311 2934 ea
1333 2867 1713 2937 nominibus
1755 2867 2245 2963 comprehensa
2260 2914 2282 2951 ‚
2330 2860 2626 2965 Κόττος
2655 2866 2838 2938 dicta
2878 2876 3001 2954 est,

700 2972 851 3047 oab
889 2970 1161 3039 nomine
1208 2963 1451 3052 κότος,
1520 2970 1807 3056 saevio,
1892 2979 1961 3039 et
2030 2963 2452 3065 Βριάρεως,
2520 2969 2862 3057 Viriatus,
2933 2980 3002 3040 et

755 3069 991 3171 Γύης,
1070 3071 1394 3142 Membro
1446 3073 1544 3164 ²⁸¹).
1663 3073 1774 3141 De
1829 3071 1967 3142 hac
2011 3073 2558 3163 interpretatione
2615 3073 2894 3142 fabulae
2944 3076 3002 3144 si

754 3172 1181 3269 cogitavisset
1213 3175 1558 3245 Bentleius
1588 3176 1680 3243 ad
1708 3177 1949 3247 Horat.
1984 3176 2209 3246 Carm.
2230 3168 2328 3246 11.
2354 3174 2492 3262 17,
2544 3175 2664 3244 14.
2695 3199 2836 3247 non
2865 3178 3007 3263 du-‚

649 3294 659 3304 ·
749 3281 1042 3348 bitanter
1093 3268 1389 3347 formam
1456 3272 1793 3371 postremi,
1843 3280 2125 3350 nominis
2183 3273 2453 3377 Γύγης,
2543 3302 2720 3370 quae
2775 3284 3001 3352 notior

750 3383 1035 3452 librariis
1077 3382 1165 3450 ab
1215 3405 1385 3474 rege
1431 3382 1696 3473 Lydiae
1718 3430 1741 3470 ,
1801 3384 2004 3453 toties
2055 3381 2249 3452 alteri
2317 3382 2669 3453 substituta
2703 3394 2814 3455 est
2832 3433 2855 3473 ,
2923 3395 3002 3456 ut

752 3488 960 3581 plane
1006 3487 1305 3579 ineptam
1353 3485 1712 3557 reiecisset.
2948 3488 2959 3497 “

957 3672 1196 3745 Omnis
1242 3673 1435 3744 Caeli
1480 3674 1877 3765 Terraeque
1910 3672 2283 3767 progenies
2311 3650 2610 3772 Τιὲῆνες
2625 3730 2654 3766 ,
2707 3675 3000 3748 Tendu-

751 3798 869 3845 nes
885 3824 908 3864 ,
958 3777 1289 3872 appellati
1304 3827 1326 3867 ,
1376 3800 1515 3850 non
1542 3779 1630 3849 ab
1673 3780 1809 3848 alia
1853 3802 1928 3847 re
1945 3826 1966 3866 ,
2019 3798 2224 3869 quam
2250 3776 2442 3867 quod
2477 3779 2657 3849 ultro
2691 3780 3000 3875 citroque

834 4066 899 4132 *l
943 4069 1222 4131 Creuzeri
1254 4070 1691 4134 obiectionibus
1720 4072 2086 4135 motus‘vidi
2122 4074 2465 4154 grandinem
2497 4078 2736 4158 potius,
2781 4087 2846 4140 et
2884 4079 2996 4139 im.

747 4153 921 4231 brea,
987 4163 1050 4215 et
1105 4155 1276 4218 nives
1333 4159 1687 4238 significari,
1740 4168 1814 4219 ut
1856 4160 2346 4222 Centimanorum
2396 4164 2641 4223 nomina
2697 4183 2830 4225 esse
2873 4165 2996 4225 de-

745 4239 933 4300 beant
972 4238 1201 4318 Farina,
1245 4243 1508 4321 Sulcius,
1554 4243 1879 4322 Gravinus,
1925 4247 2097 4307 cuius
2126 4246 2379 4308 alterum
2410 4268 2650 4326 nomen,
2694 4246 3032 4334 Alyoelmv,'

748 4325 1059 4387 Turbulus
1083 4326 1181 4391 sit.
1266 4326 1419 4388 Vide
1443 4330 1779 4410 Epistulam
1811 4330 1890 4390 ad
1920 4328 2284 4394 Creuzerum
2322 4334 2399 4396 de
2421 4343 2637 4396 natura
2663 4340 2726 4398 ct
2759 4337 2995 4398 ratione

470 4408 476 4417 ‘
511 4438 518 4449 .
622 4418 626 4422 ’
744 4404 1157 4496 mythologiae
1203 4411 1555 4477 Germanice
1597 4419 1884 4498 scriptam
1925 4435 1992 4498 p·
2038 4421 2149 4486 84.
2190 4417 2318 4500 deq·
