3325 5317
683 392 811 481 rao
982 455 992 463 .
1039 486 1061 503 ,
1120 410 1242 476 nr:
1290 409 1824 475 neruorum
1868 390 2493 490 Qvonvmn‘Am

682 608 846 680 gam
879 581 1093 655 habet
1129 583 1500 671 Pindarus,
1575 585 1684 656 bis
1728 593 1986 655 tantum
2018 587 2307 655 ¹brevem
2364 583 2492 654 sibi
2532 580 2917 676 indulgens,

681 689 896 760 semel
934 686 1052 758 01.
1094 687 1250 757 Vll.
1289 685 1362 755 4.
1408 687 1526 782 (5)
1570 698 1641 759 et
1685 689 1925 763 Isthm.
1969 688 2027 757 1.
2057 687 2129 757 4.
2163 685 2284 780 (5)
2325 688 2444 777 qui
2480 688 2620 757 loci
2662 687 2924 756 nescias
3018 692 3019 695 ’

681 815 771 862 an
808 789 1197 885 corrigendi
1236 790 1382 859 sint.
1481 793 1660 862 Nam
1690 791 1807 863 Ol.
1844 792 2032 861 vul.
2057 791 2438 862 emendatio
2470 788 2921 876 levis-mendi,

680 894 873 987 quod
921 917 986 962 v.
1005 904 1014 911 ’
1033 892 1158 964 87.
1203 890 1426 985 (115)
1477 894 1791 973 relictum
1834 904 1969 981 est,
2032 895 2387 965 meliorem
2436 916 2746 963 versuum
2806 891 2920 961 di-'
2992 902 3005 907 “

679 996 1101 1070 stinctioneni
1133 999 1546 1067 monstrabit.
1648 999 1923 1083 Fateor,
1975 996 2307 1071 eiusmodi
2346 1020 2489 1066 esse
2538 996 2682 1067 hoc
2707 1003 2919 1088 argu-
3000 1006 3007 1013 ’

680 1093 1018 1187 mentum,
1081 1108 1158 1170 ut
1180 1099 1281 1168 ''in
1337 1124 1411 1170 se
1465 1102 1618 1195 ipso
1677 1100 1847 1173 nihil
1899 1099 2187 1185 habeat,
2251 1099 2446 1189 quod
2504 1097 2923 1192 reprehendi

678 1204 908 1302 possit.
1009 1204 1268 1274 Verum
1322 1204 1509 1295 quod
1558 1203 1649 1272 ad
1695 1200 2040 1275 anacrusin
2076 1205 2311 1284 attinet
2327 1251 2348 1289 ,
2401 1224 2553 1272 eam
2597 1203 2725 1271 etsi
2761 1202 2920 1270 lon-¹
2994 1209 3007 1220 “

678 1329 844 1401 gam
874 1328 1016 1377 esse
1047 1308 1403 1377 necessitas
1443 1307 1632 1376 nulla
1660 1307 1888 1400 cogit,
1933 1315 2164 1375 tamen
2206 1313 2527 1396 sequente
2570 1312 2712 1373 tam
2753 1314 2920 1398 ςιιι-ἱ
2994 1315 3000 1323 ’

677 1413 746 1480 vi
761 1458 785 1496 ,
823 1408 1061 1505 'quam
1112 1430 1238 1479 nos
1279 1410 1558 1500 quidem
1605 1412 1958 1501 putamus»,
2022 1432 2302 1479 numero
2317 1457 2339 1495 ,
2401 1408 2607 1479 facile
2665 1408 2921 1476 intelli-⁴

676 1515 896 1608 gitur,
975 1515 1261 1606 longam
1305 1512 1658 1593 ‚anacrusin
1720 1513 1910 1582 brevi
1963 1512 2307 1602 aliquanto
2356 1514 2692 1604 aptiorem
2748 1532 2922 1580 esse:

678 1616 869 1708 quod
908 1626 1134 1686 autem
1176 1617 1541 1686 maximum
1571 1623 1706 1701 est,
1754 1637 1893 1685 non
1935 1624 2317 1686 evertuntur
2340 1615 2467 1683 isto
2494 1620 2922 1708 argumento,

676 1742 857 1810 quae
900 1717 992 1787 de
1027 1718 1356 1812 gravitate
1396 1718 1589 1787 Dorii
1619 1718 1885 1787 numeri
1913 1718 2232 1788 diximus:
2281 1740 2457 1809 quae
2493 1740 2704 1807 quum
2735 1721 2921 1785 tanta
2998 1744 3005 1749 ·

678 1822 760 1891 sit
773 1870 795 1906 ,
871 1829 950 1890 ιιι
1017 1819 1442 1891 trochaicum
1500 1844 1855 1891 numerum
1871 1869 1893 1907 ,
1994 1821 2323 1911 quidquid
2387 1821 2917 1905 comminiscare,

677 1923 885 2018 plane
929 1922 1271 2014 aspernari
1324 1924 1664 2012 videatur,
1734 1924 1903 1993 nihil
1954 1924 2263 2019 proderit
2300 1924 2390 1992 ad
2442 1922 2921 1994 trochaeorum
3001 1950 3005 1955 ·

680 2025 1143 2098 defensionem
1179 2049 1490 2097 mensura
1515 2049 1932 2099 anacruseos.
1985 2028 2125 2098 Sed
2145 2027 2318 2097 satis.
2367 2028 2545 2113 Alia,
2577 2029 2759 2117 qnae
2773 2025 2921 2096 for-
3000 2036 3007 2043 ’

678 2139 853 2200 tasse
877 2127 969 2199 de
996 2129 1142 2201 hoc
1167 2151 1480 2201 versuum
1522 2134 1774 2223 genere
1813 2131 1953 2202 dici
1984 2137 2286 2224 possent,
2338 2130 2483 2199 aliis
2520 2131 2918 2218 relinquam,

863 2232 868 2237 ⁰
881 2232 1093 2301 Aliud
1142 2233 1320 2303 enim
1337 2281 1361 2320 ,
1409 2235 1618 2324 idque
1656 2234 1948 2327 apertius
1972 2234 2282 2326 proferre
2322 2235 2707 2325 exemplum
2747 2232 2920 2301 'volo

676 2356 1028 2410 mensurae
1072 2359 1203 2429 per
1247 2338 1561 2408 numeros
1613 2328 1904 2411 musicos
1958 2345 2277 2410 mutatae.
2396 2338 2795 2406 Numerum·
2836 2357 2921 2404 ex

677 2461 816 2509 uno
855 2439 1163 2532 spondeo
1187 2440 1444 2512 factum
1483 2464 1686 2511 nemo
1735 2438 2158 2535 magnopere
2177 2438 2516 2527 laudabit,
2569 2439 2690 2509 sed
2720 2438 2922 2508 certis

673 2552 906 2615 tamen
948 2543 1119 2612 locis
1162 2553 1347 2615 recte
1396 2544 1741 2616 adhiberi
1768 2546 2107 2614 fatebitur.
2222 2542 2452 2612 Minus
2513 2542 2713 2612 etiam
2770 2544 2922 2608 tro-2

677 2645 932 2716 chaeus
979 2646 1389 2736 probabitur
1426 2670 1627 2718 unus:
1693 2649 1816 2716 etsi
1858 2647 2045 2718 hunc
2085 2668 2360 2736 quoque
2413 2646 2696 2738 pedem,
2762 2666 2921 2712 ma-
3006 2656 3009 2661 ’

677 2748 857 2816 xime
916 2749 1062 2817 basi
1117 2750 1582 2841 praegressa,
1640 2759 1797 2820 ante
1860 2744 2335 2820 choriambum
2406 2751 2517 2818 vel
2574 2747 2924 2817 Creticum

678 2871 885 2940 saepe
901 2896 925 2935 ,
973 2872 1194 2939 neque
1228 2851 1301 2918 id
1327 2852 1555 2944 inepte
1598 2853 1900 2945 positum
1946 2853 2288 2923 videmus.
2370 2852 2547 2923 Nam
2581 2851 2699 2941 qui
2721 2851 2920 2920 ‘basin

680 2961 752 3022 et
793 2950 978 3023 hunc
1018 2950 1417 3024 trochaeum
1461 2978 1593 3049 pro
1645 2954 1907 3047 duplici
1959 2957 2108 3026 basi
2154 2958 2497 3043 numeret,
2563 2977 2700 3023 non
2750 2966 2922 3045 per-

679 3054 962 3124 suadere
1004 3055 1208 3141 mihi,
1258 3080 1464 3150 supra
1498 3058 1903 3151 significavi.
1952 3079 2195 3128 vereor
2229 3056 2471 3150 potin&
2496 3070 2582 3127 n'e
2613 3055 2732 3127 hic
2773 3057 2922 3127 illic
3002 3058 3009 3063 ’

678 3146 903 3226 basis
883 3180 950 3226 ιιι
976 3157 1056 3225 iis
1081 3163 1375 3230 numeris
1404 3162 1870 3253 conspiciatur,
1921 3164 2165 3253 quibus
2189 3160 2517 3232 Pindarus
2555 3160 2920 3228 etiamnum

680 3260 843 3354 lege
888 3260 1142 3331 solutis
1160 3261 1393 3337 fertur.
1500 3263 1934 3356 Omninoque
1977 3275 2075 3334 est
2103 3288 2187 3334 ea
2222 3287 2443 3356 nuper
2493 3262 2918 3355 imperiosius
2991 3256 3009 3293 '⁵

678 3363 752 3432 in
790 3364 1209 3433 arbitrariam
1248 3365 1481 3460 legem
1536 3372 1777 3437 coacta
1792 3414 1815 3454 ,
1885 3369 2064 3437 adeo
2107 3376 2181 3437 ut
2224 3368 2416 3459 lyrici
2439 3358 2806 3436 Aeolenses
2851 3375 2922 3434 et
2962 3386 2963 3389 ’

680 3468 960 3553 comici,
1028 3468 1273 3559 quibus
1326 3470 1581 3540 addere
1628 3472 2001 3542 necessario
2048 3471 2248 3540 etiam
2287 3471 2583 3563 tragicos
2630 3468 2921 3538 debebi-

678 3575 829 3639 mus
845 3620 867 3659 ‚
917 3572 1303 3663 imperfecti
1342 3571 1713 3664 rhythmici
1756 3575 2050 3644 audiant.
2153 3575 2487 3643 Nimirum
2528 3571 2698 3663 q'uid
2741 3570 2921 3641 faci-¹⁵

680 3672 845 3757 lius,
899 3697 1105 3765 qnam
1145 3677 1218 3746 in
1257 3685 1498 3793 poetas
1542 3678 1822 3769 culpam
1868 3676 2203 3763 coniicias,
2250 3676 2392 3761 ubi,
2443 3673 2723 3747 doctum
2763 3696 2921 3744 cre-
2988 3686 3007 3693 '‘

684 3772 864 3842 dulis
885 3778 1025 3847 vitii
1049 3785 1327 3867 nomen,
1380 3774 1946 3879 παρακαταλογῆ
1985 3780 2076 3849 ad
2101 3802 2375 3849 manum
2407 3778 2541 3848 sit?
2588 3776 2734 3846 Sed
2771 3778 2917 3863 ille,

588 3883 677 3948 1⁷
691 3878 896 3967 q'uem
934 3879 1109 3966 dixi,
1157 3883 1517 3954 trochaeus
1553 3886 1957 3976 plerumque
2006 3892 2159 3953 ante
2201 3883 2440 3952 breves
2484 3874 2826 3972 'quosdam
2849 3889 2921 3949 et
2950 3899 2959 3905 “

682 3979 1108 4071 abruptiores
1139 4007 1453 4073 numeros
1492 3988 1825 4079 invenitur
1839 4037 1860 4074 ,
1911 3987 2217 4076 nihilque
2244 3984 2492 4072 habet,
2544 4006 2757 4074 quare
2775 4005 2919 4050 non
2992 3980 3005 4015 ²

681 4080 962 4165 eadem,
1049 4105 1185 4172 qua
1238 4089 1537 4178 reliquae
1589 4071 1923 4180 syllabae,
1996 4112 2333 4159 mensura
2371 4109 2514 4157 esse
2562 4086 2916 4155 iudicetur.

680 4188 775 4257 At
794 4199 797 4203 ’
816 4185 986 4256 alius
1024 4185 1215 4255 haud
1256 4213 1412 4259 raro
1461 4192 1787 4268 invenitur
1821 4192 2183 4263 trochaeus
2197 4240 2218 4277 ,
2284 4190 2602 4284 gravibus
2642 4188 2763 4257 ine
2804 4186 2920 4259 vel

582 4332 588 4338 -
680 4289 906 4382 longis
956 4290 1248 4359 numeris
1302 4294 1573 4380 mixtuS,
1636 4320 1845 4386 quem
1900 4297 2040 4365 s'iv'e
2082 4293 2487 4365 trochaeum
2534 4299 2711 4377 esse,
2776 4294 2917 4361 sive
2976 4308 2983 4315 ’

688 4392 1064 4486 spondeum
1092 4401 1324 4488 putes,
1382 4397 1820 4491 (plerumque
1844 4400 2156 4469 *enimex
2176 4424 2180 4431 ’
2200 4397 2460 4470 duabus
2492 4396 2718 4492 longis
2745 4390 2917 4469 con-5·
2948 4419 2955 4423 ·
3002 4406 3007 4409 ’
