3325 5317
924 476 1376 542 MENSVRA
1430 475 2017 540 RHYTHMICA.
2472 481 2600 546 12⁸

356 648 566 721 thesis
616 648 878 743 duplici
931 649 1071 722 ictu
1113 650 1308 745 pedis
1357 659 1657 736 notetur,
1743 673 1958 741 eaque
1998 650 2257 721 ratione
2296 653 2499 744 qnasi.
2527 653 2599 722 in

354 754 528 824 duas
578 763 1059 843 quaternorum
1129 764 1514 848 temporum
1578 763 1806 847 partes
1860 749 2240 824 dividatur}
2314 778 2396 825 ex
2454 778 2595 847 quo

354 857 822 948 consequitur,
875 859 1047 928 arsin
1061 907 1083 945 ,
1132 848 1310 948 qnae
1324 908 1347 946 ‚
1396 868 1475 928 nt
1532 881 1616 927 ex
1660 865 1978 949 quattuor
2016 866 2277 927 tantum
2314 867 2593 950 tempo·-

311 956 318 967 ’
354 960 539 1030 ribus
584 970 932 1050 onustam,
984 962 1378 1049 artificiosa,
1445 961 1488 1028 i.
1527 985 1589 1031 e.
1651 961 1962 1033 fictarum
2007 963 2299 1053 partium
2316 1010 2337 1047 ,
2400 961 2600 1031 nota-

353 1064 540 1134 tione
597 1085 737 1133 non
795 1085 972 1157 opus
1035 1064 1339 1135 habebat
1353 1114 1374 1151 ,
1445 1087 1533 1133 ne
1597 1065 2262 1134 commemorandam
2319 1065 2601 1155 quidem

355 1167 580 1243 fuisse.
685 1167 925 1258 Itaque
971 1177 1048 1236 ut
1086 1167 1384 1262 vulgaris
1426 1155 1790 1238 trochaeus
1822 1176 1955 1237 tres
2001 1167 2305 1236 habebat
2350 1192 2599 1256 morae,

355 1270 451 1343 sic
505 1281 841 1341 semantus
898 1271 1023 1341 ille
1080 1283 1306 1364 partes
1376 1271 1965 1363 complectebatur
2036 1280 2168 1340 tres
2182 1319 2203 1358 ‚
2284 1281 2602 1362 quattuor

355 1396 702 1465 quamque
732 1383 1142 1467 temporum,
1194 1397 1482 1466 quarum
1511 1375 1807 1467 partium
1838 1375 2102 1466 priores
2124 1396 2336 1464 qnnm
2361 1377 2435 1443 in
2460 1398 2601 1445 uno

358 1499 528 1547 sono
566 1478 1102 1571 comprehensae
1145 1479 1353 1551 facile
1394 1477 1565 1547 insta
1605 1500 1920 1557 mensura
1958 1478 2267 1548 excidere
2300 1488 2599 1570 possent,

279 1604 282 1607 “
325 1666 328 1669 ¹
359 1602 595 1650 omnes
631 1590 768 1650 tres
803 1591 1030 1675 partes
1059 1583 1198 1655 ictu
1228 1582 1458 1672 aliquo
1498 1581 1697 1675 pedis
1738 1583 1855 1651 vel
1896 1604 2130 1651 manns
2177 1584 2599 1668 notabantur,

357 1706 649 1776 quornm
686 1684 945 1756 ictuum
985 1685 1125 1755 duo
1185 1687 1447 1780 priores
1491 1684 1946 1783 ἕπιτεχνηταὶ
1998 1685 2311 1755 dicuntur
2359 1710 2600 1784 σημα-

358 1786 553 1878 σίαι,
632 1789 823 1879 qnod
873 1812 1010 1858 non
1051 1789 1347 1881 syllabas
1396 1788 1601 1873 duae,
1668 1788 1792 1857 sed
1846 1791 2038 1858 unius
2076 1780 2377 1878 syllabae
2432 1788 2601 1857 duas

354 1899 586 1984 partes
645 1891 1136 1964 discernebant.
1238 1893 1383 1962 Sed
1434 1894 1643 1961 finem
1696 1892 1905 1961 facio.
2005 1891 2388 1962 Existimari
2437 1913 2603 1960 vero

359 2017 442 2063 ex
486 1993 598 2064 his
639 1996 927 2088 poterit,
977 2020 1200 2087 neque
1232 1996 1583 2066 metricam
1630 1996 2009 2065 doctrinam
2048 1996 2136 2064 ab
2177 1996 2362 2064 omni
2407 2003 2606 2086 parte

356 2099 493 2167 iam
532 2100 957 2191 explanatam
986 2124 1154 2191 esse,
1203 2098 1665 2193 rhythmicam
1702 2107 1926 2169 autem
1953 2098 2186 2171 adhuc
2210 2100 2281 2168 in
2308 2099 2604 2168 tenebris
2696 2090 2701 2097 ’

358 2210 572 2274 totam
610 2204 857 2276 iacere.
