3325 5317
621 472 709 538 m
748 470 1241 535 soLEMMevs
1279 470 1527 537 mecm
1580 466 2366 575 sumsAEchAumva
2481 481 2609 546 zoi

724 648 884 733 Quo
934 646 1127 715 fonte
1174 653 1433 717 mentes
1470 645 1801 717 fervidior
1834 630 2015 744 rigat

680 776 683 781 ·
721 753 974 843 Septos
1032 748 1288 841 cupido
1339 772 1655 844 rumpere
1703 753 2026 838 tramitae,
2231 842 2239 849 ο

825 854 1219 942 Famaeque
1257 862 1505 930 cuncto
1555 852 1777 927 dictus
1831 857 2025 943 orbe,
2088 926 2094 932 .

936 956 1198 1027 Indolis
1251 958 1553 1050 ingenuo
1599 959 1843 1050 lepore

722 1230 907 1302 Saxo
947 1228 1209 1300 renidet
1251 1228 1480 1321 gloria
1518 1230 1827 1323 gentium

729 1333 1288 1405 Germanicarum
1327 1342 1395 1402 et
1428 1335 1888 1426 praecipuum
1920 1330 2152 1421 decus,

827 1438 1028 1531 Ipsae
1075 1436 1317 1504 relicto
1360 1459 1566 1526 quem
1615 1445 1940 1529 sequutae

931 1540 1323 1611 Vmbrifero
1366 1540 1710 1614 Helicone
1757 1541 2007 1611 Musae

719 1814 1003 1883 lunxere
1047 1811 1281 1882 sedem
1330 1821 1738 1903 perpetuam
1751 1859 1776 1897 ,
1827 1820 1897 1882 et
1936 1834 2131 1884 sacro

720 1919 921 1988 Nunc
965 1936 1086 1983 ore
1130 1922 1390 1986 certant
1425 1914 1837 1985 incolumem
1882 1915 2110 1985 Tuam
2124 1964 2147 2002 ,

827 2017 896 2090 0
938 2019 1135 2106 unx,
1184 2016 1407 2109 ‘fidem
1423 2063 1446 2101 ‚
1496 2038 1948 2108 praesensque
1988 2019 2237 2113 longos

925 2121 1179 2209 Dicere
1211 2118 1624 2212 praesidium
1655 2144 1787 2214 per
1819 2143 2051 2209 annoS,

716 2445 766 2485 ‚‚
780 2395 984 2466 Salve
1003 2398 1073 2482 ,“
1125 2402 1438 2466 canentes
1455 2440 1477 2479 ‚
1545 2440 1592 2479 ‚‚
1611 2394 1876 2485 optime
1917 2394 2301 2492 principum
2322 2446 2344 2486 ‚

723 2500 864 2588 Qui
902 2499 1121 2568 Iustus
1172 2498 1357 2569 omni
1373 2545 1395 2585 ‚
1446 2498 1567 2588 qui
1609 2498 1878 2568 Patriae
1915 2509 2117 2589 pater

833 2603 1204 2674 vocandus
1238 2623 1410 2672 aevo
1425 2650 1449 2686 ‚
1513 2623 1643 2693 per
1676 2602 2015 2675 minorum

924 2706 1189 2779 Nobilis
1228 2704 1538 2776 historias
1581 2705 1820 2775 ferere.

719 2980 837 3050 TE
877 2979 997 3070 qui
1028 2980 1368 3072 gubernat
1414 3000 1522 3047 res
1560 2977 1918 3057 hominum
1958 2979 2129 3050 deus

717 3084 905 3153 Fidis
923 3132 945 3169 ‚
1005 3104 1405 3174 precamur,
1455 3080 1837 3152 Saxonibus
1879 3083 2050 3152 Tu’ss

829 3188 1150 3256 Praeesse
1194 3184 1314 3256 det
1362 3207 1544 3254 seros
1585 3185 1654 3254 in
1704 3207 1913 3255 annos

923 3291 1256 3361 Nestorea
1297 3288 1602 3361 validum
1645 3298 1940 3360 senecta.

718 3563 964 3632 Nestor
987 3583 1284 3652 ,quoque
1323 3563 1509 3631 annis
1558 3585 1642 3631 ac
1697 3562 2022 3654 sapientia

719 3667 979 3737 vicisse
1021 3667 1233 3735 claret
1276 3665 1745 3758 Graiugenum
1800 3664 2042 3734 duces:

823 3768 972 3839 Sed
1015 3769 1208 3837 sortis
1265 3762 1457 3838 haud
1494 3791 1734 3860 expers
1779 3768 2081 3857 iniquae,

923 3871 1299 3943 Antilocho
1349 3871 1570 3941 doluit
1605 3881 1989 3965 perempto.

715 4163 931 4264 Quoti
984 4163 1042 4231 si
1086 4164 1368 4234 nitentes
1406 4163 1545 4232 iam
1589 4162 1862 4232 brevior
1911 4154 2074 4241 Tua

719 4267 855 4336 Per
898 4288 1114 4360 reg-na
1155 4268 1401 4339 fluctus
1441 4266 1638 4335 Albis
1686 4268 1831 4359 agit
1869 4274 2122 4356 pater,x

827 4368 964 4438 Vel
1000 4370 1320 4443 terminos
1356 4377 1655 4439 moestae
1691 4370 1938 4439 refixos

927 4473 1234 4545 Salaides
1271 4496 1600 4569 gemuere
1639 4471 2022 4567 nymphae3
