3325 5317
639 434 729 499 80
812 429 931 493 DE
971 428 1467 496 VERSIBVS’
1505 429 1877 494 snvmls
1918 429 2165 496 APVD
2219 431 2800 500 AEscHYLVM

640 602 844 673 Vnde
893 587 1073 695 quid
1109 602 1298 671 aliud
1350 603 1789 706 colligemus,
1866 627 2072 697 quam
2087 656 2111 692 ‚
2153 629 2322 698 ·quo
2378 607 2553 677 nihil
2602 612 2886 681 inveniri

640 707 861 828 aptius
912 718 1029 778 aut
1072 709 1568 782 conveniemus
1609 716 1836 801 potest
1850 758 1872 791 ,
1935 710 2029 778 ita
2072 712 2474 803 processisse
2504 712 2687 785 hane
2726 736 2884 786 ora-

636 821 923 880 nonem
944 909 1167 1013 κῆρυξ
1201 914 1502 1007 μέγιστε
1529 941 1679 987 των
1721 912 1870 987 ἄνω
1916 942 2000 989 τε
2044 915 2167 989 καὶ
2230 912 2461 1004 κάτω,

878 1044 894 1057 “
955 1018 1306 1104 ἄκουσον,
1357 1014 1602 1114 Ερμῆ
1639 1012 1944 1108 χθόνιε,
1987 1037 2168 1142 κηρι
2152 1013 2292 1103 ξας
2333 1021 2499 1113 ἐμοὶ

947 1148 1117 1202 τους
1151 1120 1273 1214 γῆς
1304 1121 1562 1218 ἔνερθε
1591 1118 1946 1215 δαίμονας
1995 1116 2236 1198 κλύειν
2286 1118 2465 1218 ἔμας

949 1217 1185 1317 εὐχάς·

588 1393 636 1456 7
650 1379 990 1471 Apparet,
1054 1376 1342 1447 verbum
1390 1369 1734 1474 κηρύξας,
1797 1376 1988 1468 quod
2031 1376 2223 1446 aliter
2276 1378 2640 1449 obscurum
2663 1381 2885 1472 foret,

638 1505 817 1553 nune
850 1481 1111 1550 habere
1153 1502 1293 1571 quo
1340 1481 1675 1548 referatur
1689 1530 1711 1567 ‚
1761 1503 2162 1573 praegresso
2192 1484 2462 1552 nomine
2488 1478 2726 1582 κῆρυξ.

676 1711 694 1722 ,
841 1637 925 1705 ln
966 1627 1480 1728 Agamemnone
1523 1633 1894 1703 Cassandra
1912 1682 1933 1720 ‚
1962 1636 2273 1704 'ultorem
2315 1602 2698 1706 exstiturum
2738 1661 2882 1708 esse
3001 1711 3012 1718 ,

639 1739 1166 1833 Agamemnonis
1204 1737 1623 1832 significans,
1675 1737 1784 1806 his
1833 1739 2055 1825 verbis
2093 1740 2300 1808 utitur
2340 1738 2675 1811 v.1289.

810 1983 816 1994 ¹
946 1885 1100 1990 ἥξει
1140 1917 1281 1985 γαρ
1294 1916 1517 2014 ημων
1563 1887 1777 1982 ἄλλος
1817 1918 1912 1964 αυ
1944 1885 2335 2016 τιμάορος,

939 1987 1440 2116 μητροκτόνον
1471 1991 1797 2088 φίτυμα,
1850 1988 2222 2090 ποινάτωρ
2266 1990 2582 2096 πατρός,

941 2123 1174 2222 φυγας
1218 2093 1292 2170 δ’
1328 2090 1613 2194 ἀλήτης
1608 2096 1833 2219 τῆςδε
1862 2096 1987 2195 γῆς
2027 2091 2370 2181 ἀπόξενος

941 2194 1276 2274 κάτεισιν
1304 2196 1485 2279 ἄτας
1527 2191 1739 2280 τάςδε
1774 2194 2200 2295 θριγκώσων
2238 2202 2493 2296 φίλοις.

943 2301 1144 2386 ἄξειν
1180 2329 1296 2374 νιν
1342 2295 1720 2395 ὑπτίασμα
1764 2302 2102 2394 κειμένου
2142 2297 2438 2401 πατρός.

940 2405 1022 2481 τί
1073 2401 1237 2492 δῆτ’
1276 2397 1443 2528 ⁶703„
1455 2396 1795 2487 κάτοικος
1838 2400 1966 2479 οἷδ’
2015 2402 2423 2499 άναστένως

943 2508 1100 2585 ἐπεὶ
1146 2536 1257 2583 ,το
1280 2534 1575 2605 πρωτον
1629 2505 1863 2583 εἶδον
1866 2502 2090 2582 Ιλιου
2139 2501 2354 2583 πόλιν

942 2605 1360 2729 πράξασαν,
1415 2638 1504 2690 ως
1556 2611 1904 2739 &apag-91¹3
1958 2617 2040 2682 οἱ
2083 2607 2152 2684 δ’
2197 2607 2395 2702 εἶχον
2431 2604 2666 2697 πόλιν,

944 2710 1170 2793 οὕτως
1220 2705 1807 2785 άπαλλάσσουσιν
1854 2717 1931 2787 εν
1978 2713 2175 2786 θεων
2220 2711 2478 2811 κρίσει,

943 2815 1160 2937 ἰρῦσα
1203 2796 1480 2936 πράξω·
1531 2809 1897 2912 τλήσομαι
1940 2843 2028 2888 το
2071 2824 2491 2892 κατθανεῖν

848 2912 874 2952 ·’
906 2937 911 2944 ·
945 2910 1336 3011 ὀμωμοται
1382 2942 1522 3013 γαρ
1569 2914 1780 3039 ὅρκος
1827 2923 1903 2991 ἑκ
1946 2917 2141 2992 θεων
2171 2921 2416 3013 με’γας.

931 3016 1204 3096 ”Αιδου
1241 3013 1465 3100 πύλας
1506 3020 1582 3092 δὲ
1626 3013 1827 3102 τάςδ’
1876 3014 2013 3115 ἐγω
2058 3025 2560 3119 προςεννε’πω.-

944 3115 1344 3215 ἐπεύχομαι
1399 3123 1477 3196 δὲ
1523 3122 1805 3219 καιρίας
1843 3124 2107 3221 πληγης
2148 3151 2423 3216 τυχειν,

946 3251 1039 3305 ως
1073 3219 1566 3321 άσφάδαστος,
1621 3220 1955 3320 αἱμάτων
1995 3224 2453 3351 εὐθνησίμων

846 3333 853 3340 ’
906 3322 1502 3427 ἆπορρυέντων,
1555 3325 1767 3423 ὄμμα
1811 3323 2157 3424 συμβάλω
2212 3324 2407 3405 τόδε.

539 3489 549 3494 ’
632 3487 953 3570 Versum,
1006 3482 1126 3573 qui
1162 3480 1231 3549 in
1273 3477 1380 3549 his
1406 3471 1675 3571 quintus
1721 3492 1860 3567 est,
1912 3506 2124 3572 quum
2166 3506 2303 3552 non
2346 3480 2638 3567 habere,
2687 3478 2873 3550 unde

631 3591 998 3684 penderet,
1051 3585 1265 3657 critici
1303 3576 1937 3672 animadverterent,
1988 3584 2185 3669 ἄξειν
2225 3586 2296 3654 in
2327 3584 2481 3669 ἄξει
2514 3591 2872 3654 mutarunt.

631 3698 729 3763 At
757 3703 897 3764 tam
943 3693 1238 3783 abrupta
1270 3689 1485 3757 oratio
1501 3736 1522 3775 ‚
1572 3691 1969 3781 praesertim
2001 3690 2071 3757 in
2102 3690 2426 3759 sententia
2440 3740 2462 3779 ‚
2520 3711 2726 3778 quam
2741 3735 2764 3774 ‚
2817 3688 2876 3756 si

630 3796 931 3879 abesset,
982 3816 1184 3863 nemo
1208 3801 1388 3862 esset
1430 3791 1960 3880 desideraturus,
2010 3815 2148 3861 non
2190 3802 2417 3886 potest
2456 3815 2595 3876 non
2643 3789 2871 3860 offen-

635 3897 806 3966 sioni
845 3920 1025 3967 esse:
1076 3907 1150 3974 ut
1188 3898 1428 3986 mirer,
1480 3918 1618 3964 non
1655 3896 1888 3982 fuisse,
1941 3897 2061 3986 qui
2102 3919 2260 3965 eum
2292 3897 2585 3965 eiectum
2616 3895 2870 3964 mallet.
2906 3957 2911 3962 ,

630 4001 699 4071 N
700 4023 793 4069 ou
837 4000 1164 4084 minorem
1178 4047 1200 4083 ,
1267 3999 1323 4066 si
1364 4000 1664 4070 attendas
1677 4048 1698 4086 ‚
1768 4000 2255 4070 dubitationem
2302 4009 2533 4068 movet
2586 3998 2869 4068 undeci-

632 4126 784 4174 mus
825 4125 908 4172 ex
958 4102 1068 4171 his
1121 4102 1441 4176 versibus.
1572 4103 1734 4188 Quo
1791 4104 1848 4172 si
1901 4102 2276 4173 Cassandra
2343 4102 2519 4172 illud
2571 4101 2872 4174 indicare

544 4226 554 4235 ·
634 4208 781 4277 vult
798 4254 820 4294 ,
883 4206 1253 4276 necessario
1296 4205 1423 4273 sibi
1477 4207 1907 4276 moriendum
1954 4230 2096 4277 esse
2109 4255 2132 4292 ‚
2182 4229 2321 4280 non
2347 4206 2559 4275 modo
2603 4205 2872 4276 brevius

629 4311 708 4380 id
744 4318 949 4400 atque
993 4307 1371 4393 obscurius,
1436 4332 1643 4398 quam
1688 4333 1821 4401 par
1857 4317 1992 4396 est,
2060 4310 2431 4403 sig-nificat,
2468 4305 2621 4379 'sed
2667 4309 2871 4378 etiam

633 4414 904 4507 gravius
945 4413 1036 4484 de
1083 4436 1156 4484 se
1207 4420 1278 4483 et
1313 4413 1846 4505 magnificentius
1884 4413 2219 4504 loquitur,
2295 4436 2502 4508 quam
2558 4406 2676 4481 illa
2693 4462 2718 4504 ‚
2800 4414 2874 4480 in
