3325 5317
774 519 778 526 '
871 505 1351 569 THESAVRI
1414 505 2121 582 STEHPANIANI..
2460 509 2595 574 289

341 681 414 750 in
469 679 650 750 viam
698 679 944 749 reversi
999 688 1299 772 pergunt
1358 680 1712 750 Editores:
1783 675 2184 776 ,,”Αγᾳλμα
2245 680 2496 770 passim
2551 705 2593 749 a

343 784 575 854 Poetis
621 784 899 852 sumitur
929 806 1061 875 pro
1091 784 1351 870 Decus,
1405 782 1926 868 Ornamentum,
1979 783 2351 852 Deliciae.“
2450 786 2595 854 Ae-

343 891 542 978 quius
569 886 747 959 haec
778 888 1140 976 ferremus,
1193 889 1247 955 si
1275 888 1585 956 fecissent
1600 934 1622 971 ‚
1686 886 1876 976 quod
1909 887 2314 975 antiquiores
2360 888 2596 957 facere

344 993 711 1076 solebant,
743 992 862 1080 qui
915 992 987 1058 in
1033 992 1451 1084 marginibus
1489 990 1784 1060 breviter
1825 990 2238 1058 adnotabant
2255 1042 2276 1079 ‚
2342 990 2434 1060 de
2462 1015 2598 1081 qua

345 1119 421 1164 re
467 1118 690 1163 sermo
731 1101 917 1162 esset.
1021 1095 1139 1164 Sic
1175 1104 1357 1164 certe
1375 1143 1422 1179 ‚-
1464 1087 1581 1183 qui
1630 1094 1891 1184 aliquid
1942 1102 2342 1182 quaererent
2363 1146 2384 1183 ,
2464 1095 2600 1162 im·-

342 1220 579 1268 menso
630 1199 755 1265 illo
802 1197 1026 1266 omnia
1060 1197 1467 1291 perlegendi
1511 1198 1751 1266 labore
1791 1197 2061 1266 liberati
2106 1198 2350 1265 forent.
2452 1197 2599 1267 Sed
2656 1250 2661 1256 ,
2722 1201 2727 1206 “

347 1302 671 1394 quoniam
722 1301 813 1369 de
846 1324 1020 1372 voce
1065 1299 1360 1396 ἄγαλμα
1414 1323 1636 1370 sermo
1679 1301 1873 1370 nobis
1929 1300 2093 1387 fuit,
2160 1324 2299 1369 non
2347 1302 2469 1369 abs
2521 1324 2599 1371 re

347 1408 474 1476 erit
505 1427 1042 1476 commemorare
1068 1405 1711 1475 dissertatiunculam
1728 1454 1748 1490 ‚
1802 1427 2008 1495 quam
2031 1428 2259 1473 mense
2285 1405 2598 1474 Februa-

344 1511 452 1579 rio
493 1509 695 1578 huius
744 1509 898 1576 anni
945 1505 1100 1577 Gar.
1152 1509 1453 1583 Godofr.
1502 1509 1825 1594 Siebelis‚
1876 1517 2103 1578 rector
2142 1508 2418 1577 scholae
2444 1509 2598 1578 Bu-

344 1613 667 1698 dissinae,
720 1611 811 1681 de
847 1612 1194 1681 vocabulis
1234 1610 1550 1706 ἅγαλμα,
1607 1607 1896 1695 ξόανον,
1946 1622 2014 1681 et
2062 1603 2357 1709 ἀνδριάς
2405 1612 2595 1702 apud

345 1718 745 1787 Pausaniam
780 1716 1030 1785 edidit:
1134 1716 1257 1783 ets‘i
1283 1715 1401 1785 hic
1428 1715 1645 1784 multo
1672 1718 2001 1808 pauciora
2017 1767 2039 1804 ‚
2090 1737 2296 1805 quam
2341 1715 2599 1785 doctis-

352 1822 503 1890 simi
545 1820 863 1890 Editores
910 1819 1252 1888 Thesauri
1315 1841 1387 1909 p.
1439 1814 1612 1887 185.
1675 1843 1863 1910 seqq.
1914 1814 2287 1904 dederunt,
2357 1820 2599 1904 attulit,

345 1925 418 1993 in
461 1925 676 2015 iisque
709 1924 889 2008 hoc,
943 1922 1135 2012 quod
1177 1922 1436 1990 mireris
1479 1923 1629 1990 viro
1659 1924 1939 1994 ‚Graece
1970 1946 2118 1993 non·
2149 1922 2427 1993 indocto
2478 1945 2600 1991 ex-

348 2028 580 2099 cidere
610 2028 940 2120 potuisse:
1020 2028 1221 2111 „Pro
1264 2048 1437 2097 voce
1482 2023 1776 2119 ἄγαλμα
1825 2028 2072 2118 passim
2120 2026 2309 2118 apud
2358 2050 2602 2097 recen-

345 2132 612 2219 „tiores
657 2138 1019 2221 usurpatur
1065 2123 1327 2213 ξόανον
1346 2180 1367 2214 ,
1421 2128 1611 2217 quod
1661 2131 1797 2197 iam
1842 2155 1884 2199 a
1923 2130 2314 2199 Phavorino
2358 2131 2601 2200 obser-

342 2245 636 2323 „vatum
681 2244 783 2302 est
829 2234 1127 2304 dicente:
1206 2225 1599 2325 ἀγάλματα
1660 2228 1869 2328 napo?
1923 2240 2077 2315 τοῖς
2125 2231 2434 2327 ὕστερον
2493 2225 2599 2305 τοὶ

343 2332 614 2423 ἔόαναε
669 2337 757 2406 cf.
793 2336 1122 2412 Valcken.
1157 2334 1246 2403 ad
1294 2336 1613 2405 Ammon.
1658 2358 1730 2426 p.
1766 2336 1988 2406 169.“
2076 2337 2169 2433 δΙιι
2198 2336 2443 2425 quibus
2473 2335 2599 2403 tri-

341 2442 511 2535 plex
557 2462 745 2508 error
778 2448 894 2508 est.
995 2441 1174 2507 Nam
1214 2461 1419 2528 quem
1461 2461 1599 2507 non
1636 2441 1856 2508 statim
1889 2442 2082 2532 leges
2114 2440 2597 2532 grammaticae
2647 2521 2651 2527 Ι

348 2544 759 2613 admoneant
776 2592 796 2628 ‚
863 2544 1067 2636 plane
1116 2541 1525 2613 contrarium
1572 2542 1802 2614 dicere
1849 2544 2260 2613 Favorinum
2273 2541 2308 2610 ἓ
2401 2543 2499 2611 Et
2541 2542 2597 2611 si

348 2650 501 2739 quis
552 2658 684 2732 est,
753 2670 959 2737 quem
999 2669 1138 2715 non
1177 2646 1586 2714 admoueant
1603 2695 1624 2732 ,
1695 2655 1764 2715 at
1807 2648 1926 2715 illa
1974 2647 2317 2717 debebant
2349 2645 2598 2715 admo·-

349 2775 553 2838 nere,
604 2770 782 2841 quae
814 2752 1038 2819 statim
1075 2748 1270 2818 addit
1310 2749 1720 2819 Favorinus:
1778 2745 1985 2847 παροῖ
2025 2753 2107 2825 δὲ
2150 2750 2258 2845 τῷ
2301 2748 2595 2847 ποιητῇ,

347 2856 496 2928 πᾶν
533 2851 661 2949 ἐφ’
711 2851 770 2927 ὦ
817 2882 929 2936 τις
967 2850 1383 2946 ἀγάλλεται.
1487 2854 1799 2944 Denique
1845 2855 2033 2946 apud
2070 2853 2597 2924 Valckenarium

344 2958 517 3026 nihil
566 2967 807 3041 exstat,
887 2958 1079 3048 quod
1128 2957 1274 3026 ullo
1325 2956 1537 3026 modo
1589 2958 1683 3096 ad
1731 2960 1929 3028 istam
1972 2959 2595 3050 interpretationem

346 3061 526 3130 trahi
575 3061 804 3154 possit.
2540 3115 2547 3121 .

545 3217 974 3336 Postremum
1017 3289 1223 3358 supra
1257 3266 1433 3335 illud
1477 3266 1863 3359 posuimus,
1915 3291 2057 3339 esse
2105 3267 2304 3338 etiam
2317 3315 2339 3352 ‚
2391 3290 2593 3359 quae,

343 3378 421 3438 ut
471 3361 791 3440 alieniora
841 3396 883 3441 a
920 3369 1142 3442 lexico
1162 3423 1183 3459 ,
1267 3373 1475 3464 plane
1530 3370 1882 3441 videantur
1941 3372 2312 3441 omittenda
2367 3372 2595 3441 fuisse.

344 3474 443 3558 Et
482 3474 681 3543 huius
727 3474 1010 3564 quidem
1057 3476 1329 3568 generis
1383 3498 1732 3563 veremur,
1798 3499 1886 3545 ne
1931 3500 2070 3545 non
2128 3476 2307 3545 adeo
2348 3496 2594 3565 pauca,

348 3580 406 3646 si
435 3579 580 3666 quis
620 3579 909 3647 severius
941 3603 1088 3647 rem
1125 3579 1483 3648 aestimare
1510 3579 1710 3663 velit,
1763 3580 2045 3648 inveniri
2077 3587 2343 3669 queant.
2445 3578 2596 3644 Re-

343 3682 624 3752 ferimus
666 3705 750 3751 eo
781 3683 900 3749 illa
933 3680 1351 3773 potissimum
1370 3730 1392 3767 ‚
1444 3704 1620 3771 quae
1658 3704 1742 3749 ex
1769 3683 1989 3767 libris,
2042 3682 2163 3772 qui
2191 3683 2261 3750 iu
2291 3683 2592 3749 omnium

344 3785 650 3853 manibus
710 3794 780 3853 et
837 3794 985 3853 sunt
1047 3794 1116 3854 et
1174 3808 1318 3854 esse
1375 3784 1627 3855 debent
1642 3832 1663 3870 ‚
1748 3786 2111 3856 Thesauro
2167 3786 2356 3853 illata
2419 3794 2590 3859 sunt.

340 3888 501 3958 Vno
549 3887 1005 3980 defungamur
1024 3889 1029 3894 ’
1045 3889 1389 3958 luculento
1431 3889 1769 3979 exemplo.
1868 3889 2221 3984 Neminem
2259 3889 2412 3957 fore
2456 3911 2595 3979 pu-

339 3999 563 4060 tamus
593 3991 949 4061 hominum
972 3992 1098 4060 has
1131 3992 1387 4060 litteras
1424 3992 1849 4061 tractantium
1863 4042 1886 4080 ‚
1939 3995 2058 4083 qui
2105 4015 2244 4062 ιιοιι
2287 3992 2595 4063 Valcke-

343 4096 515 4163 narii
577 4096 826 4188 scripta
842 4144 864 4182 ‚
941 4097 1013 4164 in
1067 4096 1281 4185 iisque
1334 4096 1691 4187 praeclara
1748 4096 1868 4164 illa
1927 4097 2309 4167 Theocriti
2345 4095 2594 4167 decem

342 4198 580 4289 idyllia
603 4200 968 4291 possideat.
1068 4200 1175 4268 Ex
1214 4199 1356 4270 hoc
1385 4200 1589 4291 igitur
1619 4199 1797 4268 libro
1843 4223 1996 4287 cur,
2048 4222 2258 4291 quum
2287 4199 2358 4269 in
2388 4201 2594 4270 The-

340 4303 545 4370 sauri
542 4326 630 4394 p.
663 4303 783 4371 10.
819 4304 910 4371 de
959 4304 1008 4375 ἆ
1036 4302 1358 4372 intensivo
1396 4289 1769 4388 diceretur,
1832 4306 2164 4396 pleraque
2178 4354 2199 4391 ‚
2265 4327 2440 4394 quae
2489 4306 2591 4372 ibi

339 4404 679 4497 disputata
722 4413 944 4491 erant,
1012 4408 1306 4497 repetita
1340 4416 1490 4474 sunt
1505 4405 1541 4473 ἓ
1606 4407 1804 4492 Quae
1860 4410 1916 4478 si
1966 4419 2157 4479 erant
2190 4407 2594 4499 repetenda,

338 4519 523 4580 certe
561 4511 698 4579 id
678 4534 747 4579 ιιι
794 4509 1076 4605 singulis
1122 4511 1261 4580 istis
1295 4511 1616 4599 vocibus,
1684 4534 1861 4603 quae
1911 4516 1960 4587 ἆ
2014 4513 2411 4582 intensivum
2453 4510 2605 4579 ha-o.
