3325 5317
750 447 878 513 loo
975 448 1082 509 DE
1122 445 1643 509 MYTHOLOGIA
1686 439 2169 509 GRAECORVM
2212 446 2767 525 ANTIQVISSIMA

759 657 778 666 ··
951 621 1305 690 Postremo
1349 619 1574 689 stabili
1605 620 1950 691 connubio
1977 616 2263 689 Pervius
2302 620 2430 689 sibi
2471 620 2683 690 iunxit
2709 619 2995 721 Ἠρην,

746 725 1196 818 Populoniam
1210 771 1232 810 ,
1292 746 1378 792 ex
1416 744 1553 814 qua
1574 720 1789 821 Ἠβη
1811 774 1833 814 ,
1897 725 2178 793 Iuventa
2192 770 2214 809 ,
2255 720 2483 822 ”Αρης
2493 779 2522 813 ,
2572 725 2694 814 qui
2734 725 3000 795 Roma-

745 831 847 899 nis
898 829 1178 897 Mavors
1199 876 1219 914 ,
1299 827 1581 895 fortasse
1643 851 1687 894 a
1744 827 1929 895 malo
1972 826 2376 913 avertendo,
2442 836 2511 894 et
2569 827 2995 919 Echio-ma,

745 932 1009 1001 Venilia
1026 980 1047 1017 ,
1098 953 1305 1022 quam
1351 930 1649 1001 Romani
1692 931 2024 1001 Lucinam
2063 931 2328 1016 dicunt,
2380 930 2538 1002 nati.
2640 931 2822 1001 Nam
2856 933 3002 1001 fer-

743 1058 872 1105 vor
909 1035 1162 1121 vitalis,
1212 1036 1400 1124 isque
1445 1043 1672 1104 mente
1712 1044 1780 1103 et
1830 1036 2110 1104 consilio
2139 1035 2486 1127 praeditus
2502 1081 2524 1120 ,
2589 1043 2671 1102 et
2703 1045 2781 1104 ut
2825 1037 3000 1104 ado-

742 1140 1001 1209 lescant
1030 1138 1374 1225 homineS,
1423 1137 1625 1223 facit,
1671 1146 1741 1206 et
1778 1149 1853 1207 ut
1896 1141 2106 1231 pleno
2140 1140 2400 1222 robore
2430 1137 2771 1226 fruantur,
2827 1149 2895 1208 et
2923 1148 3001 1209 ιιι

747 1247 966 1336 genus
997 1266 1191 1311 suum
1217 1243 1345 1311 rite
1374 1250 1787 1334 propagent.

652 1420 762 1483 21·
954 1415 1203 1484 Postea
1246 1413 1577 1500 FerviuS,
1616 1435 1830 1502 quum
1865 1411 2166 1510 Μῆτιν,
2232 1412 2561 1497 Consam',
2612 1433 2792 1501 quae
2837 1436 3003 1505 gra-

745 1518 903 1587 vida
946 1542 1031 1589 ex
1070 1520 1222 1612 ipso
1264 1519 1518 1602 fuerat,
1572 1515 2057 1602 devoravisset,
2110 1539 2194 1585 ex
2227 1518 2455 1609 capite
2480 1537 2602 1583 suo
2641 1516 2872 1585 enixus
2903 1527 3002 1586 est

740 1615 1114 1721 Ἀθήνην,
1166 1622 1553 1706 Nelactam,
1605 1620 1859 1690 dictam
1888 1620 1978 1688 ab
2022 1641 2148 1709 eo,
2201 1619 2392 1709 quod
2428 1619 2607 1690 lacte
2641 1613 2779 1686 nori
2828 1630 3005 1689 esset

741 1729 1011 1794 nutrita.
1111 1726 1291 1793 Nam
1337 1745 1515 1815 quae
1554 1746 1686 1815 per
1725 1722 1908 1793 hanc
1948 1724 2409 1847 significantur
2452 1732 2627 1791 artes
2672 1722 3000 1794 domesti-

745 1850 909 1914 cae,
969 1829 1306 1914 forenses,
1371 1828 1661 1898 bellicae
1680 1877 1713 1914 ,
1771 1827 2033 1897 virilis
2013 1830 2269 1919 ingenii
2315 1826 2612 1896 sollertia
2662 1837 2996 1917 repertae,

744 1940 814 2000 et
843 1930 990 2000 fere
1016 1930 1312 2000 virorum
1349 1932 1674 2023 propriae
1698 1941 1868 2000 sunt.
1974 1931 2172 2017 Quae
2209 1931 2400 2021 quod
2431 1950 2567 1998 non
2597 1931 2740 1998 sine
2781 1932 2994 2000 multa

744 2035 1176 2127 cogitatione
1205 2037 1545 2121 inventae,
1611 2035 2084 2131 Τριτογένεια
2130 2035 2282 2122 illa,
2348 2035 2731 2125 Tortigena
2749 2082 2770 2119 ,
2825 2034 2997 2106 dici-2

739 2146 871 2207 tur.
975 2139 1300 2208 Similiter
1346 2140 1549 2208 etiam
1573 2138 1782 2235 Ἠρη
1794 2193 1823 2227 ,
1880 2138 2302 2228 Populonia,
2356 2140 2497 2208 sine
2546 2136 2790 2206 marito
2829 2162 2994 2230 par-

739 2247 889 2311 tum
931 2242 1185 2328 edidit,
1243 2243 1366 2333 ‚qui
1396 2252 1676 2313 vocatus
1726 2251 1823 2311 est
1844 2238 2277 2336 ''Hcpoeem-oc
2291 2297 2320 2331 ,
2386 2268 2428 2312 a
2465 2242 2690 2310 verbis
2730 2238 2992 2315 ἅπτειν

743 2356 812 2415 et
836 2344 1083 2427 ἄϊστος
1094 2400 1121 2435 ,
1175 2347 1372 2436 quod,
1395 2347 1630 2439 ignem
1673 2368 1756 2413 ex
1790 2345 2059 2415 occulto
2093 2346 2358 2415 excitet.
2456 2345 2522 2413 Is
2557 2354 2780 2413 autem
2823 2341 2994 2413 artes

738 2450 1178 2542 ignobiliores
1226 2439 1295 2519 et
1341 2450 1755 2519 sordidiores
1795 2448 2081 2518 indicat:
2144 2447 2327 2519 unde
2360 2448 2640 2532 ‚Latinis
2696 2472 2738 2515 a
2778 2450 2991 2542 vulgo

739 2553 1083 2625 Vulcanus
1106 2553 1367 2625 dictus·
1469 2555 1653 2623 Hinc
1710 2552 1992 2622 claudus
2008 2599 2029 2637 ,
2111 2561 2616 2645 proptereaque
2663 2576 2705 2619 a
2744 2551 2990 2621 Fervio

740 2679 782 2724 e
829 2658 1022 2726 caelo
1070 2656 1369 2728 deiectus
1406 2658 1476 2725 in
1518 2657 1872 2752 Λῆμνον,
1928 2655 2277 2746 Capuam,
2345 2681 2387 2725 a
2441 2665 2777 2750 concepto
2829 2659 2991 2750 igne

741 2760 1179 2850 appellatam.

944 2931 1297 3022 Neptunus
1328 2918 1554 3010 autem
1583 2954 1670 3000 ex
1701 2927 2190 3029 Ἀμφιτρίτῃ,
2243 2927 2664 3019 Amfractua,
2717 2932 2991 3024 suscipit

748 3030 1078 3130 Τρίτωνα
1097 3090 1126 3124 ,
1177 3035 1600 3134 Τοιιιιιιιιιιι,
1654 3058 1830 3125 quae
1872 3058 1979 3103 res
2027 3035 2234 3126 plana
2279 3046 2394 3104 est.
2498 3033 2797 3108 Mavorti
2832 3059 2989 3105 vero

738 3138 1153 3228 Spumicita,
1223 3140 1362 3207 sive
1415 3137 1869 3260 Ἀφροδίτη)
1928 3134 2182 3232 Φόβον
2230 3148 2300 3208 et
2341 3142 2676 3236 Δεῖμον,
2720 3137 2989 3209 Terro-

735 3264 884 3310 rem
938 3250 1007 3309 et
1051 3241 1439 3328 Timorem,
1492 3250 1733 3333 postea
1773 3239 2227 3336 Ἁρμονίαν,
2293 3243 2727 3327 Faventiam,
2779 3244 2988 3335 parit3

732 3367 876 3435 quo
932 3366 1067 3413 non
1120 3347 1479 3415 obscurum
1543 3354 1678 3431 est,
1753 3345 2085 3414 violentos
2146 3370 2305 3417 cum
2357 3346 2637 3446 captivis
2687 3347 2988 3416 mulieri-

659 3543 662 3546 ‚
732 3448 861 3517 bus
916 3449 1345 3544 concubituS,
1427 3458 1497 3518 et
1575 3460 2059 3538 consequutam
2138 3448 2298 3521 inde
2376 3439 2987 3523 reconciliationem

731 3550 1089 3647 designari.

940 3725 1157 3795 Porro
1204 3726 1454 3796 Fervio
1489 3723 1743 3823 Μαίη,
1797 3725 2121 3811 Quaesia,
2172 3727 2462 3796 Atlantis
2482 3776 2502 3813 ,
2553 3726 2598 3799 i.
2629 3735 2687 3794 e.
2729 3721 2984 3796 Su‘fferi

733 3826 1305 3927 11&prme
1385 3831 1806 3900 Mercurium
1826 3880 1847 3919 ,
1937 3830 2244 3921 peperit,
2325 3831 2513 3921 quod
2580 3831 2982 3923 quaerendis

733 3931 970 3999 multo
997 3931 1237 4001 labore
1281 3915 1522 4056 opibus
1568 3933 1980 4002 commercia
2020 3934 2262 4003 iuncta
2381 3928 2714 4028 Κάδμος
2757 3943 2982 4002 autem

735 4042 803 4102 et
832 4020 1203 4127 Ἀρμονιόι
1221 4091 1248 4125 ,
1317 4041 1361 4106 i.
1402 4061 1463 4107 e.
1503 4038 1799 4106 Instruus
1838 4045 1907 4105 et
1943 4028 2268 4106 Faventia
2286 4085 2307 4123 ,
2374 4046 2648 4129 praeter
2688 4037 2861 4105 alias
2895 4038 2981 4104 fl·-

728 4136 892 4206 liam
916 4129 1222 4207 habuere
1258 4143 1616 4237 Σεμέλην
1605 4188 1626 4226 ,
1681 4137 2122 4230 Solsequam,
2178 4159 2357 4240 quae
2397 4165 2439 4210 a
2484 4140 2708 4209 verbis
2738 4142 2978 4233 σέβειν

732 4248 801 4310 et
833 4246 955 4340 ἕλη
996 4242 1344 4333 appellata
1361 4291 1383 4327 ,
1437 4245 1642 4313 ‘vitem
1687 4243 2039 4336 significat.
2143 4243 2283 4313 Ex
2304 4265 2387 4313 ea
2430 4244 2712 4316 Pervius
2760 4245 2977 4312 fllium

730 4346 967 4438 genuit
1017 4339 1435 4431 Διώνυσον,
1512 4348 1930 4435 Torculum,
2009 4347 2197 4419 cuius
2242 4367 2492 4417 nomen
2534 4369 2576 4417 a
2620 4348 2979 4439 praeposi-

728 4450 915 4519 tione
961 4443 1087 4522 δια
1125 4458 1194 4517 et
1221 4449 1449 4520 radice
1479 4471 1599 4537 ea,
1648 4451 1833 4522 unde
1863 4450 2085 4539 ὄνυξ,
2123 4450 2405 4525 ductum
2442 4445 2743 4535 videtum
2793 4451 2977 4538 unde
