3325 5317
529 1516 690 1604 DE
780 1512 1377 1638 AESCHYLI
1468 1511 2197 1605 DANAIDIBVS
2261 1510 2430 1632 η..

1234 1893 1654 1914 m

333 2192 532 2298 Dixi
573 2216 645 2293 in'
678 2220 1172 2311 dissertatione,
1240 2242 1448 2313 quam
1485 2221 1837 2314 superiore
1881 2243 2057 2291 anno
2096 2222 2188 2292 de
2233 2220 2580 2317 composi·
2595 2227 2632 2293 1
2748 2239 2757 2249 ’

333 2333 523 2400 tione
564 2328 1080 2420 tetralogiarum
1122 2327 1535 2419 tragicarum
1583 2313 1853 2418 set-ipsi,
1923 2342 2081 2398 cum
2139 2326 2584 2420 Supplicibus

335 2430 663 2523 Aeschyli
691 2432 1083 2503 coniunctas
1104 2430 1306 2498 fuisse
1336 2430 1557 2499 videri
1577 2428 1934 2499 Danaides.
2038 2431 2135 2500 Et
2171 2453 2587 2521 quamquam

336 2539 751 2628 fragmenta,
824 2554 1002 2624 quae
1046 2555 1132 2603 ex
1168 2533 1586 2605 Danaidibus
1628 2539 2022 2624 supersunt,
2096 2541 2243 2603 tam
2283 2534 2588 2626 singula-

339 2663 487 2710 rem
519 2640 825 2712 colorem
857 2638 1224 2723 haberent,
1272 2645 1348 2709 ut
1392 2637 1594 2706 facile
1639 2637 1925 2728 satyrica
1959 2636 2176 2706 videri
2215 2658 2299 2706 ea
2348 2637 2589 2705 fabula
2713 2628 2726 2639 ⁸

337 2752 605 2837 posset,
653 2751 881 2812 tamen
904 2736 1095 2808 ‘nihil
1122 2742 1192 2809 in
1231 2740 1308 2809 iis
1344 2740 1663 2826 inveniri,
1717 2739 1906 2830 quod
1931 2762 2069 2810 nou
2108 2739 2311 2811 etiam
2337 2740 2409 2810 in
2446 2749 2591 2808 tra-

340 2846 597 2939 goedia
633 2855 820 2915 recte
869 2851 938 2914 et
981 2866 1233 2935 magna
1276 2866 1435 2915 cum
1473 2844 1543 2912 vi
1583 2843 1721 2915 diei
1773 2843 2100 2935 potuisset
2115 2893 2137 2931 ,
2199 2865 2330 2916 nee
2379 2843 2590 2915 facile

208 2962 219 2969 ”
342 2970 486 3019 esse
532 2949 918 3033 intellectu,
997 2946 1350 3037 quomodo
1395 2945 1537 3016 hoe
1583 2956 2056 3040 argumentum
2105 2944 2359 3038 Satyris
2419 2969 2592 3017 con-

341 3053 615 3123 veniret.
717 3053 896 3122 Eam
936 3072 1082 3120 rem
1118 3052 1347 3119 oblata
1379 3050 1717 3120 scribendi
1748 3051 2251 3143 opportunitate
2287 3072 2464 3122 nune
2496 3049 2591 3118 ita

340 3166 745 3249 persequar,
828 3163 905 3223 ut
924 3202 947 3240 ,
1028 3155 1333 3245 quamvis
1404 3175 1629 3247 pauca
1701 3154 1987 3245 reliqua
2026 3155 2152 3223 sint
2206 3154 2593 3246 fragmenta

293 3284 307 3293 ·
340 3254 764 3345 Danaidum,
814 3267 1076 3344 tamen,
1126 3258 1328 3350 quale
1371 3280 1605 3328 earum
1648 3268 2124 3352 argumentum
2168 3257 2406 3347 fuerit,
2482 3257 2593 3326 in·-

339 3362 677 3455 vestigare
726 3360 1058 3433 studeam.

548 3564 862 3636 Danaum
900 3575 1170 3636 narrant
1200 3566 1380 3635 filios
1415 3566 1726 3659 Aegypti
1763 3572 2176 3637 metuentem
2214 3550 2390 3637 eum'
2407 3561 2593 3632 filia-

341 3672 472 3741 bus
525 3671 793 3764 Argos,
886 3692 1062 3760 quae
1108 3671 1383 3760 ‘antiqua
1430 3671 1650 3760 patria
1701 3679 1846 3738 etat
1859 3718 1882 3756 ‚
1975 3668 2383 3760 confugisse.
2483 3666 2593 3736 Ibi

343 3795 564 3867 regno
603 3774 932 3866 potitum,
983 3773 1473 3866 AegyptiadiS‚
1539 3773 1658 3863 qui
1700 3796 1782 3847 ea
1828 3795 2063 3843 caussa
2111 3772 2340 3865 Argos
2382 3793 2595 3879 vene-

346 3887 531 3998 rant5
584 3876 1020 3970 despondisse
1066 3872 1344 3968 quidem
1372 3876 1576 3965 filias,
1635 3874 1763 3947 sed.
1800 3879 1980 3949 elam
2010 3873 2466 3962 mandavisse,
2516 3882 2594 3944 ut

202 3981 210 3987 ’
341 3981 568 4073 prima
629 3990 831 4051 nocte
890 3978 1172 4074 sponsos
1245 3979 1731 4067 interimerent.
1824 3979 2014 4072 quod
2074 3978 2313 4051 fecisse
2357 4000 2595 4049 omnes

343 4092 617 4178 praeter
649 4084 1309 4179 Hypermneetram,
1355 4106 1533 4179 quae
1573 4106 1786 4176 quum
1835 4084 2117 4185 Lynceo
2180 4104 2432 4179 sponso
2466 4104 2590 4154 suo
2647 4132 2651 4136 -
2711 4076 2714 4079 ’

424 4472 486 4560 Ι·)
528 4474 709 4539 Edita
759 4483 853 4546 eut
892 4495 952 4543 ι.
1000 4477 1187 4544 1820.
