3325 5317
745 487 873 551 148
1041 482 1157 544 DE
1201 481 1526 545 CHORO
1582 482 2154 545 EVMENIDVM
2208 481 2679 545 AESCHYLI

656 660 687 721 1
700 661 735 722 1
752 658 942 727 modi
985 655 1246 748 scriptis
1284 654 1424 726 non
1456 665 1597 725 tam
1644 656 1820 725 ordo
1862 665 1930 725 et
1969 678 2178 726 nexus
2217 663 2286 724 et
2332 678 2682 727 consensus
2695 704 2716 742 ‚
2766 678 2973 747 quam
3094 686 3099 691 ·

743 760 1007 853 singula
1055 782 1184 851 per
1235 785 1307 830 se
1345 762 1726 853 fragmenta
1742 808 1763 846 ‚
1830 783 2123 849 quornm
2168 759 2542 852 farragines
2600 768 2754 828 sunt
2806 759 2971 828 istae

740 865 919 934 vitae
938 910 960 947 ‚
1012 863 1417 933 considerari
1443 863 1712 932 debent.
1813 860 2141 954 Aeschyli
2165 862 2445 951 quidem
2471 864 2678 930 vitam
2700 862 2795 933 sic
2830 885 2972 931 esse

713 990 787 1037 'e
838 966 1138 1058 plurium
1198 954 1599 1059 scriptorum
1647 968 2041 1058 fragmentis
2099 967 2542 1057 compositam
2557 1013 2578 1051 ,
2639 965 2971 1034 neminem

744 1070 1007 1153 latebit,
1057 1071 1206 1160 ‚qui
1253 1070 1883 1163 praestantissimam
1948 1069 2311 1139 editionem
2372 1069 2762 1137 Robortelli
2816 1091 2972 1138 cum

744 1174 1133 1265 vulgaribus
1185 1174 1373 1242 libris
1455 1173 1834 1242 contulerit.
1954 1170 2214 1241 Clarius
2263 1172 2404 1240 hoc
2441 1171 2807 1260 aliqnando
2842 1193 2971 1262 ap-

741 1277 1076 1368 parebit,
1114 1277 1307 1345 editis
1381 1277 1818 1359 lectionibuS,
1928 1298 2093 1375 quas
2176 1299 2217 1344 e
2308 1275 2513 1343 codd.
2581 1273 2790 1343 MSS.
2842 1273 2971 1341 ad-

742 1379 988 1447 notavi.
1089 1379 1427 1471 Exemplo
1476 1400 1656 1449 nunc
1729 1379 1811 1446 sit
1865 1376 2007 1449 hic
2047 1379 2195 1469 ipse
2241 1378 2466 1462 locuS‚
2537 1378 2653 1467 qui
2719 1386 2819 1445 est
2882 1376 2971 1444 de

742 1482 978 1552 Siculo
1006 1480 1276 1552 itinere·
1326 1505 1531 1572 quem
1571 1483 1666 1549 ita
1699 1480 2014 1566 afferam,
2065 1491 2142 1551 ut
2169 1483 2379 1550 missis
2410 1468 2773 1550 levioribus
2807 1479 2972 1549 scri-

741 1595 983 1677 pturae
1008 1582 1527 1674 diversitatibus,
1581 1609 1662 1653 ea
1680 1632 1700 1669 ‚
1751 1607 1923 1674 qnae
1953 1586 2022 1651 in
2052 1584 2238 1653 libris
2280 1584 2684 1674 quibusdam
2729 1582 2973 1650 omissa

741 1697 929 1773 sunt,
978 1688 1164 1757 uncis
1204 1687 1566 1757 includam.
1662 1684 1947 1810 ’Λπῆρε
1987 1688 2063 1759 δὲ
2106 1681 2284 1783 πρός
2322 1685 2639 1806 Ἱέρωνα
2664 1685 2792 1782 τῆς
2820 1691 2970 1758 Σι-

741 1789 976 1869 κελίας
1018 1784 1379 1885 τύραννον
1396 1844 1425 1878 ,
1492 1783 1681 1861 κατοί
1717 1816 1920 1870 τινας
1954 1789 2091 1883 μὲν
2106 1844 2136 1879 ,
2198 1783 2345 1862 ὑπό
2372 1786 2792 1886 Ἀθηναίων
2829 1815 2968 1859 κα-

741 1892 1324 1972 τασπουδασθεις
1362 1890 1508 1985 [καὶ
1546 1890 1886 2012 ησσηθεὶς
1933 1895 2066 1987 νέῳ
2109 1889 2271 1964 ὄντι
2317 1896 2718 1986 Σοφοκλεῖ·
2779 1917 2968 1961 κατα

744 1994 822 2068 δὲ
853 1992 1083 2074 ἐνίους
1101 2048 1127 2082 ,
1182 1997 1258 2067 ἐν
1290 1995 1396 2089 τῷ
1425 1997 1522 2074 εἰς
1553 2020 1726 2073 τους
1770 1998 1846 2066 ἐν
1874 1993 2321 2117 Μαραθωνι
2335 1987 2781 2113 τεθνηκότας
2808 1994 2969 2065 ἐλε-

739 2193 836 2272 vo*
874 2199 1253 2292 συμπαθὲς
1284 2170 1719 2296 λεπτότητος
1745 2201 2089 2321 μετέχειν
2128 2201 2372 2286 θέλει,
2429 2197 2472 2271 ὃ
2512 2197 2650 2270 τοῦ
2690 2188 2972 2286 Αἰσχύ-

699 2304 912 2389 λου,
966 2327 1055 2381 ως
1096 2302 1416 2395 ἔφαμεν,
1471 2301 1668 2377 ἐστὶν
1713 2294 2136 2397 ἀλλότριον·
2190 2298 2405 2393 [τινὲς
2445 2302 2528 2372 δέ
2571 2324 2837 2394 φασιν,
2891 2302 2970 2371 ἐν

739 2403 835 2500 τῇ
860 2399 1222 2485 ἀποδείξει
1261 2404 1409 2477 των
1444 2400 1868 2497 Εὐμενίδων
1904 2398 2273 2524 σποραδην
2326 2395 2807 2494 εἰςαγαγόντα
2833 2394 2968 2474 τόν

739 2498 1007 2599 χορόν,
1058 2506 1420 2579 τοσοῦτον
1457 2505 1794 2602 ἐκπλῆξαι
1833 2500 1967 2579 τόν
2013 2506 2282 2601 δῆμον,
2339 2531 2429 2586 ως
2454 2499 2552 2577 τοῖ
2579 2503 2715 2594 μὲν
2745 2495 2971 2591 νήπια

708 2607 1090 2701 ’ἑκψῦξαι,
1143 2602 1242 2679 va*
1282 2609 1360 2681 δὲ
1408 2609 1703 2705 ἔμβρυα
1732 2608 2293 2730 ’ἑξαμβλωθῆναι
2313 2605 2363 2701 ·]
2434 2599 2666 2681 ἐλθων
2716 2603 2969 2676 τοίνυν

741 2735 841 2795 εις
882 2706 1268 2798 Σικελίαν,
1317 2707 1642 2805 Ἱέρωνος
1671 2702 1846 2781 τότε
1880 2704 2015 2807 τήν
2040 2711 2322 2806 Αἴτνην
2346 2709 2736 2795 κτίζοντος,
2789 2709 2968 2779 ε’πε-
3013 2782 3016 2785 ,

741 2809 1022 2891 δείξατο
1051 2836 1184 2890 τας
1212 2810 1599 2899 Αἰτναίας,
1657 2804 1876 2903 [πάνυ
1914 2810 2278 2908 λαμπροῖς]
2318 2804 2811 2933 οἰωνιζόμενος
2842 2810 2969 2883 ἕν-

739 2911 1010 2983 τεῦθεν
1031 2910 1216 3003 βίον
1251 2907 1542 3005 οἷγαθόν
1585 2919 1740 2993 τοῖς
1801 2912 2278 2999 συνοικίζουσι
2341 2941 2475 3003 την
2522 2907 2778 2999 πόλιν,
2851 2909 2972 2983 καὶ

742 3006 1030 3109 σφόδρα
1062 3013 1169 3109 τῷ
1191 3042 1276 3088 τε
1308 3012 1588 3111 Τερωνι
1615 3015 1734 3088 καὶ
1764 3021 1917 3097 τοῖς
1950 3009 2265 3097 Γελιόοις
2295 3013 2664 3139 τιμηθείς,
2716 3006 2968 3108 ἐπιζή-

743 3141 870 3204 σας
896 3114 1152 3212 τρίτον
1180 3114 1384 3206 ἔτος,
1438 3115 1629 3212 [ων’
1593 3144 1775 3192 ετων
1803 3119 2017 3192 πέντε
2045 3114 2223 3214 πρός
2248 3125 2399 3198 τοῖς
2427 3111 2799 3215 εξήκοντα]
2832 3141 2966 3188 τε-

742 3217 968 3313 λευτᾷ
998 3218 1271 3292 τοῦτον
1302 3213 1436 3292 τόν
1465 3213 1765 3315 τρόπον.
1869 3221 2015 3289 Iam
2042 3222 2160 3289 etsi
2192 3222 2410 3313 prima
2439 3223 2510 3289 in
2548 3219 2657 3287 his'
2698 3218 2967 3286 omissio

740 3320 1203 3413 negligentiae
1246 3322 1669 3391 librariorum
1713 3323 2107 3415 imputanda
2137 3324 2436 3407 videtur,
2503 3332 2730 3390 tamen
2776 3320 2971 3410 quod

740 3424 834 3493 ad
886 3424 1178 3512 reliquas
1209 3425 1443 3493 attinet
1458 3474 1480 3511 ,
1540 3426 1747 3514 quum
1790 3427 1859 3494 in
1899 3426 2164 3495 duobus
2211 3426 2559 3496 codicibus
2600 3447 2737 3492 non
2775 3427 2970 3493 inve-

738 3529 1005 3596 niantur
1019 3575 1040 3614 ,
1106 3550 1284 3618 quae
1329 3530 1579 3619 scripta
1626 3538 1777 3598 sunt
1831 3531 1901 3598 in
1957 3531 2154 3598 tertio
2174 3577 2197 3611 ‚
2246 3530 2663 3619 reperiantur
2717 3537 2968 3613 autem,

739 3652 917 3719 quae
958 3633 1029 3698 in
1061 3631 1184 3701 illo
1212 3651 1351 3700 non
1389 3642 1539 3701 sunt
1564 3633 1846 3724 scripta,
1828 3656 1846 3674 ·
1896 3655 2240 3727 quumque
2270 3632 2594 3701 editiones
2622 3630 2873 3698 Aldina
2902 3639 2971 3699 et

739 3730 1125 3802 Robortelli
1139 3783 1160 3821 ‚
1219 3759 1395 3826 quae
1435 3737 1677 3804 ambae
1720 3758 1803 3804 ex
1844 3736 2189 3805 codicibus
2234 3757 2583 3826 expressae
2623 3742 2806 3821 sunt,
2858 3735 2970 3802 ni-

646 3906 650 3909 *
740 3832 845 3900 hil
893 3834 1143 3904 horum
1183 3840 1519 3906 omittant.
1569 3837 1755 3929 quid
1779 3838 1966 3907 aliud
2004 3862 2209 3927 quam
2252 3862 2291 3905 e
2330 3839 2524 3906 variis
2568 3826 2971 3904 narrationi-

738 3926 868 4004 bus
884 3984 904 4021 ‚
957 3961 999 4004 a
1027 3938 1297 4008 diversis
1323 3941 1705 4010 hominibus
1744 3939 1906 4011 hinc
1930 3942 2119 4011 imno
2146 3942 2501 4032 congestiS‚
2551 3939 2733 4008 hanc
2759 3941 2970 4012 vitam
3036 3994 3043 4001 a

741 4039 1103 4109 conflatam
1148 4064 1287 4110 esse
1338 4044 1752 4112 censebimus
1765 4043 1799 4110 Ρ
1873 4044 2046 4112 Vsus
2090 4067 2237 4113 sum
2289 4044 2603 4135 exemplo
2647 4043 2741 4110 ob
2789 4042 2970 4133 ipsas

743 4140 1062 4213 codicum
1104 4142 1536 4214 dissensiones
1595 4148 1977 4238 perspicuo.
2071 4147 2239 4217 Sed
2291 4147 2505 4214 multa
2549 4145 2971 4215 inveniuntur

740 4248 815 4316 in
860 4244 1249 4314 huiusmodi
1284 4248 1431 4316 vitis
1473 4250 1604 4317 alia
1617 4298 1637 4334 ‚
1701 4273 1876 4340 quae
1914 4259 2222 4342 propter
2237 4248 2399 4318 alias
2437 4250 2744 4318 rationes
2777 4266 2970 4316 eam-

745 4349 906 4418 dem
932 4371 1077 4418 rem
1103 4349 1303 4416 etiam
1342 4352 1633 4440 apertius
1663 4353 2078 4422 confirment.
2181 4352 2390 4437 Quod
2423 4353 2477 4422 si
2503 4361 2699 4423 caute
2729 4350 2971 4420 huius-

743 4452 935 4524 modi
978 4451 1241 4524 indiciis
1283 4460 1475 4522 utare
1488 4500 1512 4542 ,
1557 4465 1962 4547 reputesque
1977 4504 2000 4545 ‚
2028 4468 2219 4549 qnae
2258 4456 2329 4525 in
2363 4478 2572 4526 unum
2610 4456 2974 4529 coniuncta
