3325 5317
685 543 708 559 a
738 472 870 537 m
948 468 1072 532 DE
1125 465 1655 534 HISTORIAE
1695 465 2142 530 GRAECAE
2186 465 2758 530 PRIMORDIIS

735 639 1137 711 memoriam
1171 650 1480 733 superat,
1534 648 1611 709 ut
1641 638 2003 709 rectissime
2026 639 2173 728 quis
2199 660 2284 708 ex
2310 661 2434 724 eo,
2486 638 2677 729 quod
2705 639 2971 721 fecerit,

738 745 1144 836 appelletur.
1240 744 1417 815 Loci
1453 766 1618 814 vero
1656 751 1960 811 manent:
2011 744 2129 831 qui
2164 742 2218 810 si
2264 743 2410 810 aliis
2439 765 2644 830 quam
2687 744 2817 811 suis
2844 765 2981 811 no-

735 848 1027 918 minibus
1067 858 1428 932 vocantur,
1477 857 1596 916 aut
1636 846 1855 938 ignoti
1871 897 1893 934 ,
1943 858 2060 914 aut
2099 846 2398 916 ementiti
2439 846 2659 914 videri
2697 846 2971 931 debent,

735 951 1117 1020 nominibus
1149 950 1282 1021 illis
1322 952 1593 1041 qualeS,
1643 954 1796 1018 non'
1826 949 1943 1039 qui
1968 950 2132 1034 sint,
2180 949 2650 1019 indicantibus.
2751 949 2847 1017 Et
2878 949 2970 1017 de

735 1053 986 1147 ignotis
1049 1053 1325 1142 quidem
1380 1056 1548 1125 locis
1613 1076 1750 1123 non
1807 1052 2146 1121 difficilius
2205 1051 2575 1122 credebant
2642 1050 2971 1138 homines,

739 1177 946 1247 quam
988 1157 1081 1226 de
1110 1155 1496 1226 hominibus
1513 1205 1535 1242 ,
1586 1158 1747 1246 quia
1772 1157 1863 1225 de
1889 1155 2000 1224 his
2031 1156 2241 1224 fidem
2272 1155 2616 1248 habebant
2644 1155 2971 1224 narranti}

737 1261 916 1329 notis
966 1270 1194 1329 autem
1251 1262 1322 1330 in
1370 1262 1760 1353 regionibus
1824 1259 1878 1327 si
1929 1259 2200 1328 nomina
2260 1259 2570 1331 locorum
2622 1282 2761 1328 non
2815 1282 2972 1328 vera

738 1373 1267 1433 commemorata
1331 1363 1608 1433 fuissent
1624 1412 1646 1449 ,
1739 1363 2170 1438 detraxissent
2237 1386 2319 1431 ea
2395 1364 2670 1431 narratis
2737 1362 2970 1447 fidem,

737 1467 901 1556 quia
948 1468 1245 1536 scivisset
1296 1467 1579 1557 quisque
1596 1514 1618 1551 ,
1686 1488 1824 1533 non
1873 1477 2128 1534 exstare
2175 1488 2313 1535 eos·
2419 1466 2617 1535 Vnde
2655 1488 2814 1534 sane
2847 1466 2971 1533 ab-

738 1569 1015 1638 surdum
1041 1570 1407 1654 videbitur,
1470 1571 1541 1638 in
1575 1570 1653 1637 iis
1669 1616 1691 1653 ,
1740 1592 1915 1659 quae
1960 1570 2051 1639 de
2093 1572 2267 1639 notis
2306 1568 2694 1661 regionibus
2741 1592 2971 1636 narra-

735 1674 1015 1759 bantur,
1081 1674 1247 1743 ficta
1285 1683 1602 1765 usurpata
1642 1696 1790 1742 esse
1827 1673 2118 1741 nomina.
2217 1675 2313 1741 At
2354 1672 2775 1761 quantumvis
2815 1696 2972 1766 spe-

738 1777 924 1844 ciosa
958 1775 1139 1845 haec
1162 1776 1655 1867 argumentatio
1689 1776 1803 1859 sit,
1853 1798 1992 1843 non
2030 1776 2275 1846 evincit
2313 1785 2541 1844 tamen
2557 1823 2594 1861 ,-
2629 1785 2704 1844 ut
2734 1785 2968 1866 poetas

737 1900 877 1947 non
919 1879 1121 1946 etiam
1161 1880 1231 1946 in
1272 1880 1581 1949 locorum
1632 1880 2013 1948 nominibus
2055 1879 2298 1948 eadem
2348 1880 2642 1963 ratione,
2709 1902 2847 1969 qua
2902 1880 2971 1945 in

735 1979 1090 2049 hominum
1104 2030 1126 2067 ,
1192 2004 1346 2051 usos
1383 2006 1526 2052 esse
1564 1992 1959 2051 statuamus.
2007 1981 2218 2050 modo
2265 1983 2759 2059 meminerimus
2776 2031 2798 2068 ,
2848 2003 2972 2049 no-

734 2084 954 2169 mina,
1005 2107 1180 2173 quae
1218 2087 1304 2154 ab
1348 2096 1585 2155 natura
1633 2109 1860 2155 rerum
1899 2086 2105 2156 ducta
2150 2095 2333 2171 sunt,
2400 2108 2537 2154 non
2580 2108 2727 2154 esse
2758 2086 2971 2155 conti-

687 2191 883 2256 flnuo
915 2188 1078 2257 ficta
1115 2189 1421 2275 nomina,
1486 2190 1606 2259 sed
1645 2214 1727 2259 ea
1758 2188 2225 2259 tantummodo
2276 2190 2437 2259 ficta
2479 2188 2773 2259 dicenda
2811 2212 2974 2275 esse,

738 2313 916 2381 quae
968 2292 1056 2360 ab
1099 2290 1242 2376 his,
1307 2292 1606 2382 quibus
1586 2316 1657 2360 ιιι
1700 2293 1836 2360 vita
1876 2293 2219 2361 communi
2261 2292 2654 2377 utebantur,
2721 2292 2973 2361 discre-

736 2403 922 2486 pant.
1022 2396 1200 2463 Nam
1243 2405 1489 2486 poetae
1516 2396 1640 2484 ‚illi
1679 2396 1819 2466 sine
1869 2395 2077 2464 dubio
2122 2397 2297 2467 locis
2334 2418 2470 2464 non
2509 2397 2725 2464 minus
2771 2409 2975 2486 quam·

736 2497 1123 2567 hominibus
1168 2499 1257 2568 ab
1309 2508 1548 2568 natura
1594 2517 1831 2568 eorum
1882 2499 2224 2568 faciebant
2267 2500 2570 2567 nomina:
2642 2499 2767 2567 sed
2818 2499 2975 2588 quia

737 2602 1100 2671 manebant
1149 2602 1325 2685 loci,
1404 2601 1789 2673 manserunt
1827 2602 2033 2672 etiam
2088 2602 2398 2698 nomina,
2473 2612 2543 2671 et
2595 2602 2779 2672 facta
2829 2613 2973 2671 sunt

736 2707 1037 2802 propria.
1141 2704 1421 2775 Certum
1470 2706 1649 2774 enim
1694 2706 1992 2791 videtur,
2069 2707 2286 2775 multa
2342 2707 2656 2775 locorum
2703 2706 2976 2773 nomina

725 2829 824 2873 -ex
884 2806 992 2874 his
1046 2818 1402 2898 poetarum
1452 2809 1702 2877 fabulis
1756 2809 2090 2900 originem
2141 2809 2433 2883 traxisse.
2553 2809 2692 2878 Vbi
2750 2822 2975 2878 autem
3091 2872 3103 2886 ,

736 2909 928 2994 loca,
1003 2933 1179 2998 quae
1232 2911 1368 2979 iam
1421 2910 1769 2980 habebant
1820 2912 2094 2981 nomina
2148 2925 2300 2998 sua‘,
2378 2912 2978 2983 commemoranda

740 3020 953 3080 essent
969 3059 989 3095 ‚
1038 3014 1343 3104 ineptum
1388 3016 1618 3084 fuisset
1662 3016 1797 3083 alia
1835 3016 1917 3083 iis
1954 3017 2226 3086 nomina
2261 3016 2591 3102 tribuere,
2651 3018 2813 3106 quia
2841 3019 2974 3085 iam

736 3115 872 3200 illi,
938 3115 1055 3203 qui
1098 3118 1321 3209 primi
1357 3118 1628 3186 nomina
1665 3120 1791 3188 ista
1829 3120 2251 3205 invenerant,
2315 3143 2398 3188 ea
2436 3129 2551 3188 aut
2608 3122 2696 3188 ab
2734 3130 2976 3210 ‘natura

737 3217 1009 3286 illorum
1035 3218 1382 3305 locorum,
1437 3231 1552 3291 aut
1583 3223 1673 3290 ab
1709 3224 1938 3312 aliquo
1969 3224 2398 3292 memorabili
2430 3224 2612 3292 facto
2645 3223 2974 3317 deprom-

735 3329 1028 3413 pserant.
1127 3323 1487 3392 Praeterea
1523 3324 1591 3392 in
1620 3327 1854 3411 rebuS,
1906 3350 2082 3416 quae
2111 3327 2230 3396 ubi
2272 3337 2463 3396 actae
2503 3337 2717 3395 essent
2734 3375 2757 3412 ,
2807 3327 2976 3395 nihil

735 3425 1054 3511 referret,
1128 3449 1285 3495 vera
1344 3428 1653 3497 locorum
1705 3429 2009 3517 uomina,
2091 3453 2266 3520 quae
2306 3430 2826 3500 accommodata
2869 3431 2974 3499 his

736 3529 938 3597 rebus
988 3539 1237 3616 essent,
1290 3529 1559 3600 delecta
1599 3532 1943 3615 videntum
1994 3556 2121 3603 nec
2166 3534 2415 3619 minus,
2476 3557 2651 3624 quae
2691 3536 2863 3602 notis
2909 3535 2976 3602 in

735 3632 1126 3723 regionibus
1163 3649 1357 3727 gesta
1405 3645 1628 3722 erant,
1678 3638 1757 3705 iis
1799 3638 2223 3728 potissimum
2263 3638 2334 3706 in
2378 3637 2548 3707 locis
2588 3637 2775 3706 facta
2819 3636 2974 3721 dici,

739 3756 1027 3823 quorum
1072 3750 1236 3837 apta
1292 3739 1506 3816 rebus
1544 3740 1682 3830 istis
1711 3743 1998 3810 nomina
2036 3742 2509 3810 invenirentur
2621 3742 2972 3811 Postremo

738 3835 881 3906 hoc
912 3862 1199 3952 quoque
1233 3852 1557 3933 reputare
1592 3843 1919 3913 debemus
1934 3894 1955 3931 ,
2015 3846 2241 3913 multis
2281 3844 2544 3912 fabulas
2583 3844 2735 3912 illas
2776 3845 2976 3912 addi-

739 3929 1049 4010 tamentis
1087 3955 1432 4013 exornatas
1473 3946 1562 4015 ad
1604 3970 1728 4015 nos
1765 3950 2183 4040 pervenisse.
2232 3945 2415 4016 unde
2440 3948 2585 4030 veri
2611 3949 2828 4017 simile
2859 3959 2973 4033 est,

739 4065 950 4132 quum
990 4045 1157 4114 iusta
1193 4072 1424 4117 earum
1462 4052 1925 4170 interpretatio
1964 4054 2104 4121 iam
2129 4053 2200 4120 in
2235 4051 2648 4122 oblivionem
2683 4053 2976 4137 abiisset,

739 4156 810 4215 et
846 4160 1228 4220 commenta
1255 4155 1660 4244 poetarum
1640 4177 1793 4245 ipsa
1829 4178 1997 4226 vera
2024 4179 2167 4224 esse
2199 4154 2632 4226 crederentur
2645 4204 2666 4241 ,
2718 4156 2973 4224 multo-

736 4272 889 4320 rum
929 4254 1279 4323 accessisse
1325 4260 2039 4329 commemorationem
2073 4260 2418 4344 locorum,
2470 4280 2762 4349 quorum
2791 4259 2977 4327 nulla

734 4355 805 4426 in
850 4355 1100 4424 fabulis
1139 4357 1272 4425 istis
1320 4361 1568 4427 mentio
1617 4362 1856 4431 fuerat.
1958 4364 2147 4432 Hine
2185 4363 2442 4452 aliquot
2479 4372 2630 4432 sunt
2665 4364 2978 4433 locorum

737 4455 1009 4529 nomina
1023 4509 1046 4548 ,
1104 4483 1396 4551 quorum
1426 4462 1825 4557 significatio
1852 4467 2205 4557 quomodo
2232 4489 2391 4540 cum
2416 4468 2625 4570 rebus
2642 4467 2743 4538 ibi
2771 4467 2978 4561 gestis
