<?xml version="1.0" encoding="UTF-8"?>
<!DOCTYPE html PUBLIC "-//W3C//DTD XHTML 1.0 Transitional//EN"
    "http://www.w3.org/TR/xhtml1/DTD/xhtml1-transitional.dtd">
<html xmlns="http://www.w3.org/1999/xhtml" xml:lang="en" lang="en">
 <head>
  <title>
</title>
<meta http-equiv="Content-Type" content="text/html;charset=utf-8" />
  <meta name='ocr-system' content='tesseract 3.04.00' />
  <meta name='ocr-capabilities' content='ocr_page ocr_carea ocr_par ocr_line ocrx_word'/>
</head>
<body>
  <div class='ocr_page' id='page_1' title='image "./godofrediherman01fritgoog_0287.png"; bbox 0 0 3325 5317; ppageno 0'>
   <div class='ocr_carea' id='block_1_1' title="bbox 1147 459 2606 555">
    <p class='ocr_par' dir='ltr' id='par_1_1' title="bbox 1147 459 2606 555">
     <span class='ocr_line' id='line_1_1' title="bbox 1147 459 2606 555; baseline 0.005 -35"><span class='ocrx_word' id='word_1_1' title='bbox 1147 459 1807 523; x_wconf 72' lang='lat' dir='ltr'><strong>mssEnTArso.</strong></span> <span class='ocrx_word' id='word_1_2' title='bbox 1873 552 1880 555; x_wconf 11' lang='grc' dir='ltr'><strong>μ</strong></span> <span class='ocrx_word' id='word_1_3' title='bbox 2475 464 2606 528; x_wconf 74' lang='lat' dir='ltr'><strong>zea</strong></span> 
     </span>
    </p>
   </div>
   <div class='ocr_carea' id='block_1_2' title="bbox 508 629 2606 950">
    <p class='ocr_par' dir='ltr' id='par_1_2' title="bbox 508 629 2606 950">
     <span class='ocr_line' id='line_1_2' title="bbox 559 629 1498 729; baseline -0.002 -25"><span class='ocrx_word' id='word_1_4' title='bbox 559 635 801 729; x_wconf 82' lang='lat' dir='ltr'><strong>Pergit</strong></span> <span class='ocrx_word' id='word_1_5' title='bbox 850 634 1210 704; x_wconf 83' lang='lat' dir='ltr'><strong>Terentius</strong></span> <span class='ocrx_word' id='word_1_6' title='bbox 1260 657 1327 702; x_wconf 78' lang='lat' dir='ltr'><strong>v.</strong></span> <span class='ocrx_word' id='word_1_7' title='bbox 1377 629 1498 702; x_wconf 77' lang='lat'><strong>4⁰.</strong></span> 
     </span>
     <span class='ocr_line' id='line_1_3' title="bbox 508 752 2191 848; baseline -0.001 -24"><span class='ocrx_word' id='word_1_8' title='bbox 508 828 519 848; x_wconf 58' lang='grc'><strong>,</strong></span> <span class='ocrx_word' id='word_1_9' title='bbox 983 756 986 759; x_wconf 71' lang='grc'>’</span> <span class='ocrx_word' id='word_1_10' title='bbox 1887 752 2191 845; x_wconf 77' lang='lat' dir='ltr'><strong>denique</strong></span> 
     </span>
     <span class='ocr_line' id='line_1_4' title="bbox 614 855 2606 950; baseline -0.001 -23"><span class='ocrx_word' id='word_1_11' title='bbox 614 859 886 927; x_wconf 77' lang='lat' dir='ltr'><strong>nullum</strong></span> <span class='ocrx_word' id='word_1_12' title='bbox 919 865 1024 927; x_wconf 79' lang='lat' dir='ltr'><strong>est</strong></span> <span class='ocrx_word' id='word_1_13' title='bbox 1054 858 1205 926; x_wconf 86' lang='lat' dir='ltr'><strong>iam</strong></span> <span class='ocrx_word' id='word_1_14' title='bbox 1232 856 1526 941; x_wconf 78' lang='lat' dir='ltr'><strong>dictum,</strong></span> <span class='ocrx_word' id='word_1_15' title='bbox 1577 855 1772 948; x_wconf 81' lang='lat' dir='ltr'><strong>quod</strong></span> <span class='ocrx_word' id='word_1_16' title='bbox 1797 877 1936 924; x_wconf 80' lang='lat' dir='ltr'><strong>non</strong></span> <span class='ocrx_word' id='word_1_17' title='bbox 1967 857 2240 926; x_wconf 81' lang='lat' dir='ltr'><strong>dictum</strong></span> <span class='ocrx_word' id='word_1_18' title='bbox 2267 857 2357 926; x_wconf 79' lang='lat' dir='ltr'><strong>sit</strong></span> <span class='ocrx_word' id='word_1_19' title='bbox 2374 858 2606 950; x_wconf 75' lang='lat' dir='ltr'><strong>prius.</strong></span> 
     </span>
    </p>
   </div>
   <div class='ocr_carea' id='block_1_3' title="bbox 354 1027 2605 1225">
    <p class='ocr_par' dir='ltr' id='par_1_3' title="bbox 354 1027 2605 1225">
     <span class='ocr_line' id='line_1_5' title="bbox 357 1027 2605 1119; baseline 0 -23"><span class='ocrx_word' id='word_1_20' title='bbox 357 1078 403 1116; x_wconf 85' lang='lat'>„</span> <span class='ocrx_word' id='word_1_21' title='bbox 422 1030 738 1119; x_wconf 76' lang='lat' dir='ltr'><strong>Quinque</strong></span> <span class='ocrx_word' id='word_1_22' title='bbox 798 1053 882 1099; x_wconf 83' lang='lat' dir='ltr'><strong>ex</strong></span> <span class='ocrx_word' id='word_1_23' title='bbox 908 1030 1249 1118; x_wconf 85' lang='lat' dir='ltr'><strong>·nostris‚“</strong></span> <span class='ocrx_word' id='word_1_24' title='bbox 1301 1027 1547 1117; x_wconf 84' lang='lat' dir='ltr'><strong>inquit,</strong></span> <span class='ocrx_word' id='word_1_25' title='bbox 1598 1050 1800 1114; x_wconf 76' lang='lat' dir='ltr'><strong>„non</strong></span> <span class='ocrx_word' id='word_1_26' title='bbox 1846 1030 1940 1098; x_wconf 78' lang='lat' dir='ltr'><strong>sit</strong></span> <span class='ocrx_word' id='word_1_27' title='bbox 1982 1030 2271 1101; x_wconf 79' lang='lat' dir='ltr'><strong>dictum.</strong></span> <span class='ocrx_word' id='word_1_28' title='bbox 2375 1030 2605 1100; x_wconf 84' lang='lat' dir='ltr'><strong>Credo</strong></span> 
     </span>
     <span class='ocr_line' id='line_1_6' title="bbox 354 1133 1195 1225; baseline -0.001 -24"><span class='ocrx_word' id='word_1_29' title='bbox 354 1144 697 1225; x_wconf 81' lang='lat' dir='ltr'><strong>„poetam</strong></span> <span class='ocrx_word' id='word_1_30' title='bbox 747 1136 847 1203; x_wconf 83' lang='lat' dir='ltr'><strong>sic</strong></span> <span class='ocrx_word' id='word_1_31' title='bbox 895 1133 1195 1203; x_wconf 81' lang='lat' dir='ltr'><strong>dedisse:</strong></span> 
     </span>
    </p>
   </div>
   <div class='ocr_carea' id='block_1_4' title="bbox 609 1298 2605 1499">
    <p class='ocr_par' dir='ltr' id='par_1_4' title="bbox 609 1298 2605 1499">
     <span class='ocr_line' id='line_1_7' title="bbox 609 1298 2605 1422; baseline -0.001 -48"><span class='ocrx_word' id='word_1_32' title='bbox 609 1306 938 1392; x_wconf 80' lang='lat' dir='ltr'><strong>„nullam</strong></span> <span class='ocrx_word' id='word_1_33' title='bbox 987 1313 1092 1374; x_wconf 78' lang='lat' dir='ltr'><strong>est</strong></span> <span class='ocrx_word' id='word_1_34' title='bbox 1145 1303 1294 1372; x_wconf 85' lang='lat' dir='ltr'><strong>iam</strong></span> <span class='ocrx_word' id='word_1_35' title='bbox 1353 1300 1624 1370; x_wconf 84' lang='lat' dir='ltr'><strong>dictum</strong></span> <span class='ocrx_word' id='word_1_36' title='bbox 1642 1348 1663 1387; x_wconf 86' lang='lat'><strong>,</strong></span> <span class='ocrx_word' id='word_1_37' title='bbox 1732 1298 2003 1371; x_wconf 80' lang='lat' dir='ltr'><strong>dictum</strong></span> <span class='ocrx_word' id='word_1_38' title='bbox 2058 1303 2265 1422; x_wconf 38' lang='lat' dir='ltr'><strong>‘qnod</strong></span> <span class='ocrx_word' id='word_1_39' title='bbox 2319 1325 2456 1372; x_wconf 82' lang='lat' dir='ltr'><strong>non</strong></span> <span class='ocrx_word' id='word_1_40' title='bbox 2513 1304 2605 1373; x_wconf 80' lang='lat' dir='ltr'><strong>sit</strong></span> 
     </span>
     <span class='ocr_line' id='line_1_8' title="bbox 1945 1426 2177 1499; baseline 0 -25"><span class='ocrx_word' id='word_1_41' title='bbox 1945 1426 2177 1499; x_wconf 73' lang='lat' dir='ltr'><strong>prius.</strong></span> 
     </span>
    </p>
   </div>
   <div class='ocr_carea' id='block_1_5' title="bbox 350 1513 2550 1781">
    <p class='ocr_par' dir='ltr' id='par_1_5' title="bbox 350 1513 2531 1781">
     <span class='ocr_line' id='line_1_9' title="bbox 350 1513 1028 1608; baseline -0.003 -24"><span class='ocrx_word' id='word_1_42' title='bbox 350 1524 487 1602; x_wconf 85' lang='lat' dir='ltr'><strong>„ut</strong></span> <span class='ocrx_word' id='word_1_43' title='bbox 535 1538 741 1608; x_wconf 88' lang='lat' dir='ltr'><strong>supra</strong></span> <span class='ocrx_word' id='word_1_44' title='bbox 787 1539 854 1586; x_wconf 87' lang='lat' dir='ltr'><strong>v.</strong></span> <span class='ocrx_word' id='word_1_45' title='bbox 906 1513 1028 1583; x_wconf 70' lang='lat'><strong>27.</strong></span> 
     </span>
     <span class='ocr_line' id='line_1_10' title="bbox 609 1643 2550 1781; baseline -0.001 -23"><span class='ocrx_word' id='word_1_46' title='bbox 609 1734 655 1776; x_wconf 85' lang='lat'><strong>‚,</strong></span> <span class='ocrx_word' id='word_1_47' title='bbox 669 1687 733 1759; x_wconf 77' lang='lat' dir='ltr'><strong>si</strong></span> <span class='ocrx_word' id='word_1_48' title='bbox 770 1686 852 1756; x_wconf 85' lang='lat' dir='ltr'><strong>id</strong></span> <span class='ocrx_word' id='word_1_49' title='bbox 886 1693 989 1754; x_wconf 81' lang='lat' dir='ltr'><strong>est</strong></span> <span class='ocrx_word' id='word_1_50' title='bbox 1023 1690 1435 1778; x_wconf 78' lang='lat' dir='ltr'><strong>peccatum,</strong></span> <span class='ocrx_word' id='word_1_51' title='bbox 1474 1643 1865 1777; x_wconf 78' lang='lat' dir='ltr'><strong>peccatum</strong></span> <span class='ocrx_word' id='word_1_52' title='bbox 1904 1687 2388 1781; x_wconf 76' lang='lat' dir='ltr'><strong>imprudentia</strong></span> <span class='ocrx_word' id='word_1_53' title='bbox 2428 1695 2550 1757; x_wconf 81' lang='lat' dir='ltr'><strong>est.</strong></span> 
     </span>
    </p>
   </div>
   <div class='ocr_carea' id='block_1_6' title="bbox 306 1858 2699 4549">
    <p class='ocr_par' dir='ltr' id='par_1_6' title="bbox 306 1858 2699 4549">
     <span class='ocr_line' id='line_1_11' title="bbox 359 1858 2680 1953; baseline -0.001 -23"><span class='ocrx_word' id='word_1_54' title='bbox 359 1861 500 1950; x_wconf 84' lang='lat' dir='ltr'><strong>„In</strong></span> <span class='ocrx_word' id='word_1_55' title='bbox 564 1869 853 1947; x_wconf 87' lang='lat' dir='ltr'><strong>utroque</strong></span> <span class='ocrx_word' id='word_1_56' title='bbox 923 1858 1086 1927; x_wconf 85' lang='lat' dir='ltr'><strong>loco</strong></span> <span class='ocrx_word' id='word_1_57' title='bbox 1152 1862 1341 1951; x_wconf 88' lang='lat' dir='ltr'><strong>prius</strong></span> <span class='ocrx_word' id='word_1_58' title='bbox 1405 1881 1657 1927; x_wconf 88' lang='lat' dir='ltr'><strong>nomen</strong></span> <span class='ocrx_word' id='word_1_59' title='bbox 1722 1869 1853 1948; x_wconf 89' lang='lat' dir='ltr'><strong>est,</strong></span> <span class='ocrx_word' id='word_1_60' title='bbox 1916 1861 2248 1953; x_wconf 82' lang='lat' dir='ltr'><strong>posterius</strong></span> <span class='ocrx_word' id='word_1_61' title='bbox 2324 1860 2608 1953; x_wconf 89' lang='lat' dir='ltr'><strong>partici-</strong></span> <span class='ocrx_word' id='word_1_62' title='bbox 2675 1938 2680 1943; x_wconf 46' lang='lat'>‚</span> 
     </span>
     <span class='ocr_line' id='line_1_12' title="bbox 359 1960 2606 2056; baseline 0.001 -26"><span class='ocrx_word' id='word_1_63' title='bbox 359 1965 632 2056; x_wconf 86' lang='lat' dir='ltr'><strong>„pium.</strong></span> <span class='ocrx_word' id='word_1_64' title='bbox 636 1970 681 2007; x_wconf 73' lang='lat'><strong>‘⁴</strong></span> <span class='ocrx_word' id='word_1_65' title='bbox 782 1963 975 2030; x_wconf 86' lang='lat' dir='ltr'><strong>Bene</strong></span> <span class='ocrx_word' id='word_1_66' title='bbox 1022 1962 1316 2047; x_wconf 81' lang='lat' dir='ltr'><strong>factum,</strong></span> <span class='ocrx_word' id='word_1_67' title='bbox 1383 1961 1575 2052; x_wconf 90' lang='lat' dir='ltr'><strong>quod</strong></span> <span class='ocrx_word' id='word_1_68' title='bbox 1623 1960 1808 2034; x_wconf 90' lang='lat' dir='ltr'><strong>hanc</strong></span> <span class='ocrx_word' id='word_1_69' title='bbox 1845 1964 2301 2033; x_wconf 88' lang='lat' dir='ltr'><strong>coniecturam</strong></span> <span class='ocrx_word' id='word_1_70' title='bbox 2351 1988 2489 2032; x_wconf 89' lang='lat' dir='ltr'><strong>non</strong></span> <span class='ocrx_word' id='word_1_71' title='bbox 2536 1965 2606 2031; x_wconf 90' lang='lat' dir='ltr'><strong>in</strong></span> 
     </span>
     <span class='ocr_line' id='line_1_13' title="bbox 357 2064 2607 2160; baseline -0 -23"><span class='ocrx_word' id='word_1_72' title='bbox 357 2078 612 2137; x_wconf 82' lang='lat' dir='ltr'><strong>textum</strong></span> <span class='ocrx_word' id='word_1_73' title='bbox 639 2064 889 2145; x_wconf 83' lang='lat' dir='ltr'><strong>intulit3</strong></span> <span class='ocrx_word' id='word_1_74' title='bbox 941 2066 1120 2134; x_wconf 81' lang='lat' dir='ltr'><strong>male</strong></span> <span class='ocrx_word' id='word_1_75' title='bbox 1161 2067 1419 2136; x_wconf 86' lang='lat' dir='ltr'><strong>factum</strong></span> <span class='ocrx_word' id='word_1_76' title='bbox 1433 2116 1453 2151; x_wconf 87' lang='lat'>,</span> <span class='ocrx_word' id='word_1_77' title='bbox 1506 2065 1698 2154; x_wconf 89' lang='lat' dir='ltr'><strong>quod</strong></span> <span class='ocrx_word' id='word_1_78' title='bbox 1726 2067 2043 2156; x_wconf 90' lang='lat' dir='ltr'><strong>reliquit</strong></span> <span class='ocrx_word' id='word_1_79' title='bbox 2023 2090 2093 2133; x_wconf 89' lang='lat' dir='ltr'><strong>m</strong></span> <span class='ocrx_word' id='word_1_80' title='bbox 2138 2077 2325 2135; x_wconf 85' lang='lat' dir='ltr'><strong>textu</strong></span> <span class='ocrx_word' id='word_1_81' title='bbox 2340 2116 2362 2154; x_wconf 86' lang='lat'>‚</span> <span class='ocrx_word' id='word_1_82' title='bbox 2416 2067 2607 2160; x_wconf 81' lang='lat' dir='ltr'><strong>quod</strong></span> 
     </span>
     <span class='ocr_line' id='line_1_14' title="bbox 361 2170 2606 2262; baseline -0.001 -22"><span class='ocrx_word' id='word_1_83' title='bbox 361 2190 502 2240; x_wconf 76' lang='lat' dir='ltr'><strong>non</strong></span> <span class='ocrx_word' id='word_1_84' title='bbox 530 2171 799 2240; x_wconf 81' lang='lat' dir='ltr'><strong>dictum</strong></span> <span class='ocrx_word' id='word_1_85' title='bbox 827 2170 919 2237; x_wconf 80' lang='lat' dir='ltr'><strong>sit</strong></span> <span class='ocrx_word' id='word_1_86' title='bbox 936 2171 1167 2262; x_wconf 75' lang='lat' dir='ltr'><strong>prius.</strong></span> <span class='ocrx_word' id='word_1_87' title='bbox 1270 2171 1365 2239; x_wconf 86' lang='lat' dir='ltr'><strong>Et</strong></span> <span class='ocrx_word' id='word_1_88' title='bbox 1406 2170 1800 2240; x_wconf 87' lang='lat' dir='ltr'><strong>coniectura</strong></span> <span class='ocrx_word' id='word_1_89' title='bbox 1827 2170 2107 2260; x_wconf 90' lang='lat' dir='ltr'><strong>quidem</strong></span> <span class='ocrx_word' id='word_1_90' title='bbox 2151 2171 2274 2238; x_wconf 84' lang='lat' dir='ltr'><strong>ista</strong></span> <span class='ocrx_word' id='word_1_91' title='bbox 2303 2193 2441 2239; x_wconf 89' lang='lat' dir='ltr'><strong>non</strong></span> <span class='ocrx_word' id='word_1_92' title='bbox 2469 2192 2606 2238; x_wconf 90' lang='lat' dir='ltr'><strong>uno</strong></span> 
     </span>
     <span class='ocr_line' id='line_1_15' title="bbox 360 2266 2608 2366; baseline -0.001 -21"><span class='ocrx_word' id='word_1_93' title='bbox 360 2278 633 2345; x_wconf 89' lang='lat' dir='ltr'><strong>nomine</strong></span> <span class='ocrx_word' id='word_1_94' title='bbox 679 2272 863 2342; x_wconf 83' lang='lat' dir='ltr'><strong>mala</strong></span> <span class='ocrx_word' id='word_1_95' title='bbox 908 2283 1025 2340; x_wconf 88' lang='lat' dir='ltr'><strong>est.</strong></span> <span class='ocrx_word' id='word_1_96' title='bbox 1139 2274 1409 2359; x_wconf 85' lang='lat' dir='ltr'><strong>Primo,</strong></span> <span class='ocrx_word' id='word_1_97' title='bbox 1481 2272 1674 2363; x_wconf 86' lang='lat' dir='ltr'><strong>quod</strong></span> <span class='ocrx_word' id='word_1_98' title='bbox 1714 2274 1837 2342; x_wconf 86' lang='lat' dir='ltr'><strong>ista</strong></span> <span class='ocrx_word' id='word_1_99' title='bbox 1896 2273 2039 2342; x_wconf 90' lang='lat' dir='ltr'><strong>duo</strong></span> <span class='ocrx_word' id='word_1_100' title='bbox 2098 2274 2412 2366; x_wconf 85' lang='lat' dir='ltr'><strong>exempla</strong></span> <span class='ocrx_word' id='word_1_101' title='bbox 2469 2266 2608 2342; x_wconf 78' lang='lat' dir='ltr'><strong>non</strong></span> 
     </span>
     <span class='ocr_line' id='line_1_16' title="bbox 361 2378 2609 2471; baseline 0 -25"><span class='ocrx_word' id='word_1_102' title='bbox 361 2386 642 2471; x_wconf 89' lang='lat' dir='ltr'><strong>possunt</strong></span> <span class='ocrx_word' id='word_1_103' title='bbox 683 2378 857 2444; x_wconf 91' lang='lat' dir='ltr'><strong>inter</strong></span> <span class='ocrx_word' id='word_1_104' title='bbox 895 2399 966 2445; x_wconf 88' lang='lat' dir='ltr'><strong>se</strong></span> <span class='ocrx_word' id='word_1_105' title='bbox 1019 2378 1420 2469; x_wconf 85' lang='lat' dir='ltr'><strong>comparari.</strong></span> <span class='ocrx_word' id='word_1_106' title='bbox 1524 2379 1703 2445; x_wconf 87' lang='lat' dir='ltr'><strong>Nam</strong></span> <span class='ocrx_word' id='word_1_107' title='bbox 1758 2388 1834 2447; x_wconf 91' lang='lat' dir='ltr'><strong>ut</strong></span> <span class='ocrx_word' id='word_1_108' title='bbox 1879 2379 2163 2447; x_wconf 85' lang='lat' dir='ltr'><strong>verbum</strong></span> <span class='ocrx_word' id='word_1_109' title='bbox 2209 2379 2277 2445; x_wconf 91' lang='lat' dir='ltr'><strong>in</strong></span> <span class='ocrx_word' id='word_1_110' title='bbox 2321 2387 2609 2467; x_wconf 88' lang='lat' dir='ltr'><strong>utroque</strong></span> 
     </span>
     <span class='ocr_line' id='line_1_17' title="bbox 358 2481 2602 2603; baseline -0.001 -52"><span class='ocrx_word' id='word_1_111' title='bbox 358 2483 545 2551; x_wconf 91' lang='lat' dir='ltr'><strong>idem</strong></span> <span class='ocrx_word' id='word_1_112' title='bbox 573 2481 936 2580; x_wconf 81' lang='lat' dir='ltr'><strong>repetitum</strong></span> <span class='ocrx_word' id='word_1_113' title='bbox 966 2482 1080 2562; x_wconf 85' lang='lat' dir='ltr'><strong>sit3</strong></span> <span class='ocrx_word' id='word_1_114' title='bbox 1129 2488 1206 2549; x_wconf 85' lang='lat' dir='ltr'><strong>u&#39;t</strong></span> <span class='ocrx_word' id='word_1_115' title='bbox 1246 2481 1320 2548; x_wconf 89' lang='lat' dir='ltr'><strong>id</strong></span> <span class='ocrx_word' id='word_1_116' title='bbox 1353 2482 1636 2549; x_wconf 84' lang='lat' dir='ltr'><strong>verbum</strong></span> <span class='ocrx_word' id='word_1_117' title='bbox 1676 2482 2036 2571; x_wconf 87' lang='lat' dir='ltr'><strong>utrubique</strong></span> <span class='ocrx_word' id='word_1_118' title='bbox 2067 2482 2294 2603; x_wconf 80' lang='lat' dir='ltr'><strong>primo</strong></span> <span class='ocrx_word' id='word_1_119' title='bbox 2332 2503 2602 2566; x_wconf 84' lang='lat' dir='ltr'><strong>nomen,</strong></span> 
     </span>
     <span class='ocr_line' id='line_1_18' title="bbox 365 2584 2699 2677; baseline -0 -23"><span class='ocrx_word' id='word_1_120' title='bbox 365 2585 617 2655; x_wconf 90' lang='lat' dir='ltr'><strong>deinde</strong></span> <span class='ocrx_word' id='word_1_121' title='bbox 660 2584 1096 2676; x_wconf 86' lang='lat' dir='ltr'><strong>participium</strong></span> <span class='ocrx_word' id='word_1_122' title='bbox 1143 2585 1260 2652; x_wconf 83' lang='lat' dir='ltr'><strong>sit:</strong></span> <span class='ocrx_word' id='word_1_123' title='bbox 1332 2595 1562 2653; x_wconf 89' lang='lat' dir='ltr'><strong>tamen</strong></span> <span class='ocrx_word' id='word_1_124' title='bbox 1617 2586 1687 2652; x_wconf 87' lang='lat' dir='ltr'><strong>in</strong></span> <span class='ocrx_word' id='word_1_125' title='bbox 1730 2587 1946 2654; x_wconf 87' lang='lat' dir='ltr'><strong>altero</strong></span> <span class='ocrx_word' id='word_1_126' title='bbox 2006 2587 2411 2677; x_wconf 87' lang='lat' dir='ltr'><strong>paucissima</strong></span> <span class='ocrx_word' id='word_1_127' title='bbox 2456 2591 2699 2653; x_wconf 79' lang='lat' dir='ltr'><strong>sunt22</strong></span> 
     </span>
     <span class='ocr_line' id='line_1_19' title="bbox 366 2688 2616 2782; baseline -0 -24"><span class='ocrx_word' id='word_1_128' title='bbox 366 2692 576 2758; x_wconf 82' lang='lat' dir='ltr'><strong>verba</strong></span> <span class='ocrx_word' id='word_1_129' title='bbox 591 2739 610 2775; x_wconf 87' lang='lat'>‚</span> <span class='ocrx_word' id='word_1_130' title='bbox 663 2711 953 2778; x_wconf 89' lang='lat' dir='ltr'><strong>quorum</strong></span> <span class='ocrx_word' id='word_1_131' title='bbox 1002 2689 1264 2757; x_wconf 88' lang='lat' dir='ltr'><strong>nonnisi</strong></span> <span class='ocrx_word' id='word_1_132' title='bbox 1315 2688 1570 2781; x_wconf 86' lang='lat' dir='ltr'><strong>duplex</strong></span> <span class='ocrx_word' id='word_1_133' title='bbox 1618 2691 1908 2782; x_wconf 85' lang='lat' dir='ltr'><strong>cogitari</strong></span> <span class='ocrx_word' id='word_1_134' title='bbox 1957 2691 2317 2759; x_wconf 83' lang='lat' dir='ltr'><strong>collocatio</strong></span> <span class='ocrx_word' id='word_1_135' title='bbox 2359 2694 2616 2780; x_wconf 85' lang='lat' dir='ltr'><strong>potest,</strong></span> 
     </span>
     <span class='ocr_line' id='line_1_20' title="bbox 363 2793 2607 2886; baseline 0 -25"><span class='ocrx_word' id='word_1_136' title='bbox 363 2795 660 2878; x_wconf 75' lang='lat' dir='ltr'><strong>autina,</strong></span> <span class='ocrx_word' id='word_1_137' title='bbox 711 2816 848 2881; x_wconf 87' lang='lat' dir='ltr'><strong>qua</strong></span> <span class='ocrx_word' id='word_1_138' title='bbox 882 2815 1037 2860; x_wconf 88' lang='lat' dir='ltr'><strong>usus</strong></span> <span class='ocrx_word' id='word_1_139' title='bbox 1083 2801 1181 2861; x_wconf 89' lang='lat' dir='ltr'><strong>est</strong></span> <span class='ocrx_word' id='word_1_140' title='bbox 1206 2802 1450 2883; x_wconf 84' lang='lat' dir='ltr'><strong>poeta,</strong></span> <span class='ocrx_word' id='word_1_141' title='bbox 1505 2802 1622 2860; x_wconf 88' lang='lat' dir='ltr'><strong>aut</strong></span> <span class='ocrx_word' id='word_1_142' title='bbox 1651 2793 1852 2880; x_wconf 84' lang='lat' dir='ltr'><strong>haec,</strong></span> <span class='ocrx_word' id='word_1_143' title='bbox 1905 2793 2391 2886; x_wconf 75' lang='lat' dir='ltr'><strong>imprudentia</strong></span> <span class='ocrx_word' id='word_1_144' title='bbox 2424 2816 2607 2885; x_wconf 76' lang='lat' dir='ltr'><strong>pec-</strong></span> 
     </span>
     <span class='ocr_line' id='line_1_21' title="bbox 363 2895 2607 2985; baseline -0 -20"><span class='ocrx_word' id='word_1_145' title='bbox 363 2905 607 2966; x_wconf 78' lang='lat' dir='ltr'><strong>catum</strong></span> <span class='ocrx_word' id='word_1_146' title='bbox 649 2903 771 2965; x_wconf 79' lang='lat' dir='ltr'><strong>est.</strong></span> <span class='ocrx_word' id='word_1_147' title='bbox 872 2895 1176 2985; x_wconf 85' lang='lat' dir='ltr'><strong>Vterque</strong></span> <span class='ocrx_word' id='word_1_148' title='bbox 1202 2896 1446 2985; x_wconf 88' lang='lat' dir='ltr'><strong>planus</strong></span> <span class='ocrx_word' id='word_1_149' title='bbox 1476 2905 1575 2963; x_wconf 82' lang='lat' dir='ltr'><strong>est</strong></span> <span class='ocrx_word' id='word_1_150' title='bbox 1614 2908 1682 2966; x_wconf 89' lang='lat' dir='ltr'><strong>et</strong></span> <span class='ocrx_word' id='word_1_151' title='bbox 1714 2897 2115 2966; x_wconf 91' lang='lat' dir='ltr'><strong>commodus</strong></span> <span class='ocrx_word' id='word_1_152' title='bbox 2149 2897 2321 2965; x_wconf 90' lang='lat' dir='ltr'><strong>ordo</strong></span> <span class='ocrx_word' id='word_1_153' title='bbox 2354 2899 2607 2966; x_wconf 81' lang='lat' dir='ltr'><strong>verbo-</strong></span> 
     </span>
     <span class='ocr_line' id='line_1_22' title="bbox 361 3000 2607 3095; baseline 0 -26"><span class='ocrx_word' id='word_1_154' title='bbox 361 3024 533 3095; x_wconf 85' lang='lat' dir='ltr'><strong>rum.</strong></span> <span class='ocrx_word' id='word_1_155' title='bbox 635 3001 716 3068; x_wconf 88' lang='lat' dir='ltr'><strong>In</strong></span> <span class='ocrx_word' id='word_1_156' title='bbox 746 3000 959 3068; x_wconf 87' lang='lat' dir='ltr'><strong>altero</strong></span> <span class='ocrx_word' id='word_1_157' title='bbox 974 3011 1210 3076; x_wconf 88' lang='lat' dir='ltr'><strong>autem</strong></span> <span class='ocrx_word' id='word_1_158' title='bbox 1240 3002 1555 3091; x_wconf 82' lang='lat' dir='ltr'><strong>exemplo</strong></span> <span class='ocrx_word' id='word_1_159' title='bbox 1588 3004 1808 3071; x_wconf 69' lang='lat' dir='ltr'><strong>‚verba</strong></span> <span class='ocrx_word' id='word_1_160' title='bbox 1841 3010 1992 3070; x_wconf 85' lang='lat' dir='ltr'><strong>sunt</strong></span> <span class='ocrx_word' id='word_1_161' title='bbox 2018 3002 2265 3086; x_wconf 87' lang='lat' dir='ltr'><strong>multa,</strong></span> <span class='ocrx_word' id='word_1_162' title='bbox 2315 3024 2607 3090; x_wconf 90' lang='lat' dir='ltr'><strong>quorum</strong></span> 
     </span>
     <span class='ocr_line' id='line_1_23' title="bbox 367 3090 2605 3197; baseline 0 -25"><span class='ocrx_word' id='word_1_163' title='bbox 367 3090 501 3172; x_wconf 86' lang='lat' dir='ltr'><strong>tres</strong></span> <span class='ocrx_word' id='word_1_164' title='bbox 542 3106 769 3172; x_wconf 88' lang='lat' dir='ltr'><strong>bonae</strong></span> <span class='ocrx_word' id='word_1_165' title='bbox 812 3113 961 3171; x_wconf 90' lang='lat' dir='ltr'><strong>sunt</strong></span> <span class='ocrx_word' id='word_1_166' title='bbox 1002 3113 1071 3172; x_wconf 91' lang='lat' dir='ltr'><strong>et</strong></span> <span class='ocrx_word' id='word_1_167' title='bbox 1112 3114 1315 3194; x_wconf 82' lang='lat' dir='ltr'><strong>aptae</strong></span> <span class='ocrx_word' id='word_1_168' title='bbox 1362 3105 1878 3175; x_wconf 78' lang='lat' dir='ltr'><strong>collocationes,</strong></span> <span class='ocrx_word' id='word_1_169' title='bbox 1930 3105 2122 3197; x_wconf 80' lang='lat' dir='ltr'><strong>quod</strong></span> <span class='ocrx_word' id='word_1_170' title='bbox 2153 3127 2291 3175; x_wconf 80' lang='lat' dir='ltr'><strong>non</strong></span> <span class='ocrx_word' id='word_1_171' title='bbox 2333 3105 2605 3174; x_wconf 84' lang='lat' dir='ltr'><strong>dictum</strong></span> 
     </span>
     <span class='ocr_line' id='line_1_24' title="bbox 360 3207 2605 3303; baseline 0 -26"><span class='ocrx_word' id='word_1_172' title='bbox 360 3209 454 3277; x_wconf 76' lang='lat' dir='ltr'><strong>sit</strong></span> <span class='ocrx_word' id='word_1_173' title='bbox 491 3209 738 3302; x_wconf 77' lang='lat' dir='ltr'><strong>prius:</strong></span> <span class='ocrx_word' id='word_1_174' title='bbox 806 3207 998 3301; x_wconf 82' lang='lat' dir='ltr'><strong>quod</strong></span> <span class='ocrx_word' id='word_1_175' title='bbox 1037 3231 1176 3276; x_wconf 76' lang='lat' dir='ltr'><strong>non</strong></span> <span class='ocrx_word' id='word_1_176' title='bbox 1223 3209 1315 3277; x_wconf 82' lang='lat' dir='ltr'><strong>sit</strong></span> <span class='ocrx_word' id='word_1_177' title='bbox 1355 3209 1627 3277; x_wconf 81' lang='lat' dir='ltr'><strong>dictum</strong></span> <span class='ocrx_word' id='word_1_178' title='bbox 1656 3211 1905 3303; x_wconf 78' lang='lat' dir='ltr'><strong>prius:</strong></span> <span class='ocrx_word' id='word_1_179' title='bbox 1967 3210 2160 3302; x_wconf 80' lang='lat' dir='ltr'><strong>quod</strong></span> <span class='ocrx_word' id='word_1_180' title='bbox 2215 3232 2351 3278; x_wconf 79' lang='lat' dir='ltr'><strong>non</strong></span> <span class='ocrx_word' id='word_1_181' title='bbox 2392 3209 2605 3302; x_wconf 78' lang='lat' dir='ltr'><strong>prius</strong></span> 
     </span>
     <span class='ocr_line' id='line_1_25' title="bbox 306 3311 2606 3406; baseline -0.002 -24"><span class='ocrx_word' id='word_1_182' title='bbox 306 3379 310 3383; x_wconf 83' lang='grc'>,</span> <span class='ocrx_word' id='word_1_183' title='bbox 361 3312 455 3380; x_wconf 73' lang='lat' dir='ltr'><strong>sit</strong></span> <span class='ocrx_word' id='word_1_184' title='bbox 508 3311 1179 3406; x_wconf 82' lang='lat' dir='ltr'><strong>dictum.1neptae</strong></span> <span class='ocrx_word' id='word_1_185' title='bbox 1241 3322 1465 3381; x_wconf 88' lang='lat' dir='ltr'><strong>autem</strong></span> <span class='ocrx_word' id='word_1_186' title='bbox 1508 3324 1691 3401; x_wconf 83' lang='lat' dir='ltr'><strong>sunt,</strong></span> <span class='ocrx_word' id='word_1_187' title='bbox 1768 3336 2241 3405; x_wconf 88' lang='lat' dir='ltr'><strong>quaecumque</strong></span> <span class='ocrx_word' id='word_1_188' title='bbox 2294 3337 2336 3383; x_wconf 82' lang='lat' dir='ltr'><strong>a</strong></span> <span class='ocrx_word' id='word_1_189' title='bbox 2375 3314 2606 3385; x_wconf 82' lang='lat' dir='ltr'><strong>verbo</strong></span> 
     </span>
     <span class='ocr_line' id='line_1_26' title="bbox 362 3415 2610 3539; baseline -0.001 -56"><span class='ocrx_word' id='word_1_190' title='bbox 362 3416 635 3483; x_wconf 79' lang='lat' dir='ltr'><strong>dictum</strong></span> <span class='ocrx_word' id='word_1_191' title='bbox 664 3415 1026 3506; x_wconf 83' lang='lat' dir='ltr'><strong>incipiunt,</strong></span> <span class='ocrx_word' id='word_1_192' title='bbox 1078 3424 1188 3502; x_wconf 86' lang='lat' dir='ltr'><strong>ut,</strong></span> <span class='ocrx_word' id='word_1_193' title='bbox 1243 3417 1511 3485; x_wconf 80' lang='lat' dir='ltr'><strong>dictam</strong></span> <span class='ocrx_word' id='word_1_194' title='bbox 1540 3419 1732 3539; x_wconf 73' lang='lat' dir='ltr'><strong>quod</strong></span> <span class='ocrx_word' id='word_1_195' title='bbox 1761 3442 1899 3488; x_wconf 80' lang='lat' dir='ltr'><strong>non</strong></span> <span class='ocrx_word' id='word_1_196' title='bbox 1927 3419 2013 3486; x_wconf 76' lang='lat' dir='ltr'><strong>sit</strong></span> <span class='ocrx_word' id='word_1_197' title='bbox 2032 3418 2282 3510; x_wconf 74' lang='lat' dir='ltr'><strong>prius:</strong></span> <span class='ocrx_word' id='word_1_198' title='bbox 2330 3416 2610 3484; x_wconf 79' lang='lat' dir='ltr'><strong>dictum</strong></span> 
     </span>
     <span class='ocr_line' id='line_1_27' title="bbox 365 3517 2603 3616; baseline -0 -30"><span class='ocrx_word' id='word_1_199' title='bbox 365 3517 559 3612; x_wconf 80' lang='lat' dir='ltr'><strong>quod</strong></span> <span class='ocrx_word' id='word_1_200' title='bbox 599 3517 814 3612; x_wconf 78' lang='lat' dir='ltr'><strong>prius</strong></span> <span class='ocrx_word' id='word_1_201' title='bbox 857 3540 995 3587; x_wconf 75' lang='lat' dir='ltr'><strong>non</strong></span> <span class='ocrx_word' id='word_1_202' title='bbox 1031 3520 1154 3588; x_wconf 78' lang='lat' dir='ltr'><strong>sit.-</strong></span> <span class='ocrx_word' id='word_1_203' title='bbox 1218 3521 1490 3589; x_wconf 84' lang='lat' dir='ltr'><strong>dictum</strong></span> <span class='ocrx_word' id='word_1_204' title='bbox 1525 3523 1735 3614; x_wconf 79' lang='lat' dir='ltr'><strong>prius</strong></span> <span class='ocrx_word' id='word_1_205' title='bbox 1778 3521 1970 3616; x_wconf 80' lang='lat' dir='ltr'><strong>quod</strong></span> <span class='ocrx_word' id='word_1_206' title='bbox 2011 3541 2149 3588; x_wconf 84' lang='lat' dir='ltr'><strong>non</strong></span> <span class='ocrx_word' id='word_1_207' title='bbox 2182 3521 2293 3589; x_wconf 82' lang='lat' dir='ltr'><strong>sit.</strong></span> <span class='ocrx_word' id='word_1_208' title='bbox 2397 3518 2603 3586; x_wconf 88' lang='lat' dir='ltr'><strong>Ratio</strong></span> 
     </span>
     <span class='ocr_line' id='line_1_28' title="bbox 362 3621 2607 3716; baseline -0 -25"><span class='ocrx_word' id='word_1_209' title='bbox 362 3643 503 3691; x_wconf 90' lang='lat' dir='ltr'><strong>non</strong></span> <span class='ocrx_word' id='word_1_210' title='bbox 544 3632 642 3691; x_wconf 87' lang='lat' dir='ltr'><strong>est</strong></span> <span class='ocrx_word' id='word_1_211' title='bbox 676 3623 983 3692; x_wconf 87' lang='lat' dir='ltr'><strong>obscura.</strong></span> <span class='ocrx_word' id='word_1_212' title='bbox 1085 3622 1166 3690; x_wconf 88' lang='lat' dir='ltr'><strong>In</strong></span> <span class='ocrx_word' id='word_1_213' title='bbox 1206 3624 1540 3716; x_wconf 88' lang='lat' dir='ltr'><strong>principio</strong></span> <span class='ocrx_word' id='word_1_214' title='bbox 1588 3625 1767 3694; x_wconf 90' lang='lat' dir='ltr'><strong>enim</strong></span> <span class='ocrx_word' id='word_1_215' title='bbox 1811 3626 2223 3696; x_wconf 89' lang='lat' dir='ltr'><strong>collocatum</strong></span> <span class='ocrx_word' id='word_1_216' title='bbox 2260 3621 2404 3691; x_wconf 88' lang='lat' dir='ltr'><strong>hoc</strong></span> <span class='ocrx_word' id='word_1_217' title='bbox 2450 3644 2607 3690; x_wconf 85' lang='lat' dir='ltr'><strong>ver-</strong></span> 
     </span>
     <span class='ocr_line' id='line_1_29' title="bbox 363 3723 2605 3818; baseline -0.001 -23"><span class='ocrx_word' id='word_1_218' title='bbox 363 3728 530 3796; x_wconf 89' lang='lat' dir='ltr'><strong>bum</strong></span> <span class='ocrx_word' id='word_1_219' title='bbox 580 3727 1079 3818; x_wconf 88' lang='lat' dir='ltr'><strong>oppositionem</strong></span> <span class='ocrx_word' id='word_1_220' title='bbox 1123 3727 1418 3816; x_wconf 87' lang='lat' dir='ltr'><strong>aliquam</strong></span> <span class='ocrx_word' id='word_1_221' title='bbox 1472 3723 1729 3797; x_wconf 89' lang='lat' dir='ltr'><strong>indicat</strong></span> <span class='ocrx_word' id='word_1_222' title='bbox 1781 3737 1851 3798; x_wconf 93' lang='lat' dir='ltr'><strong>et</strong></span> <span class='ocrx_word' id='word_1_223' title='bbox 1896 3727 2471 3817; x_wconf 85' lang='lat' dir='ltr'><strong>comparationem</strong></span> <span class='ocrx_word' id='word_1_224' title='bbox 2513 3724 2605 3793; x_wconf 88' lang='lat' dir='ltr'><strong>ad</strong></span> 
     </span>
     <span class='ocr_line' id='line_1_30' title="bbox 364 3830 2604 3924; baseline -0 -25"><span class='ocrx_word' id='word_1_225' title='bbox 364 3853 479 3916; x_wconf 84' lang='lat' dir='ltr'><strong>ea,</strong></span> <span class='ocrx_word' id='word_1_226' title='bbox 535 3853 712 3920; x_wconf 87' lang='lat' dir='ltr'><strong>quae</strong></span> <span class='ocrx_word' id='word_1_227' title='bbox 754 3854 891 3900; x_wconf 89' lang='lat' dir='ltr'><strong>non</strong></span> <span class='ocrx_word' id='word_1_228' title='bbox 925 3832 1055 3899; x_wconf 90' lang='lat' dir='ltr'><strong>sint</strong></span> <span class='ocrx_word' id='word_1_229' title='bbox 1093 3831 1162 3898; x_wconf 91' lang='lat' dir='ltr'><strong>in</strong></span> <span class='ocrx_word' id='word_1_230' title='bbox 1194 3832 1488 3900; x_wconf 91' lang='lat' dir='ltr'><strong>dicendo</strong></span> <span class='ocrx_word' id='word_1_231' title='bbox 1518 3833 1759 3924; x_wconf 89' lang='lat' dir='ltr'><strong>posita.</strong></span> <span class='ocrx_word' id='word_1_232' title='bbox 1864 3831 2042 3900; x_wconf 84' lang='lat' dir='ltr'><strong>Tale</strong></span> <span class='ocrx_word' id='word_1_233' title='bbox 2079 3830 2246 3919; x_wconf 91' lang='lat' dir='ltr'><strong>quid</strong></span> <span class='ocrx_word' id='word_1_234' title='bbox 2273 3830 2455 3898; x_wconf 81' lang='lat' dir='ltr'><strong>&#39;enim</strong></span> <span class='ocrx_word' id='word_1_235' title='bbox 2494 3831 2604 3898; x_wconf 86' lang='lat' dir='ltr'><strong>in-</strong></span> 
     </span>
     <span class='ocr_line' id='line_1_31' title="bbox 360 3933 2607 4027; baseline 0.001 -26"><span class='ocrx_word' id='word_1_236' title='bbox 360 3934 676 4025; x_wconf 83' lang='lat' dir='ltr'><strong>telligere</strong></span> <span class='ocrx_word' id='word_1_237' title='bbox 722 3937 1070 4027; x_wconf 82' lang='lat' dir='ltr'><strong>cogimur:</strong></span> <span class='ocrx_word' id='word_1_238' title='bbox 1122 3935 1385 4003; x_wconf 85' lang='lat' dir='ltr'><strong>nullum</strong></span> <span class='ocrx_word' id='word_1_239' title='bbox 1434 3947 1530 4006; x_wconf 88' lang='lat' dir='ltr'><strong>est</strong></span> <span class='ocrx_word' id='word_1_240' title='bbox 1577 3936 1835 4004; x_wconf 88' lang='lat' dir='ltr'><strong>dictum</strong></span> <span class='ocrx_word' id='word_1_241' title='bbox 1854 3983 1874 4023; x_wconf 89' lang='lat'><strong>,</strong></span> <span class='ocrx_word' id='word_1_242' title='bbox 1927 3934 2186 4003; x_wconf 86' lang='lat' dir='ltr'><strong>dictum</strong></span> <span class='ocrx_word' id='word_1_243' title='bbox 2234 3933 2424 4024; x_wconf 89' lang='lat' dir='ltr'><strong>quod</strong></span> <span class='ocrx_word' id='word_1_244' title='bbox 2469 3956 2607 4003; x_wconf 92' lang='lat' dir='ltr'><strong>non</strong></span> 
     </span>
     <span class='ocr_line' id='line_1_32' title="bbox 361 4038 2609 4129; baseline 0.001 -25"><span class='ocrx_word' id='word_1_245' title='bbox 361 4038 446 4105; x_wconf 88' lang='lat' dir='ltr'><strong>sit</strong></span> <span class='ocrx_word' id='word_1_246' title='bbox 486 4038 707 4128; x_wconf 77' lang='lat' dir='ltr'><strong>prius,</strong></span> <span class='ocrx_word' id='word_1_247' title='bbox 759 4039 879 4108; x_wconf 89' lang='lat' dir='ltr'><strong>sed</strong></span> <span class='ocrx_word' id='word_1_248' title='bbox 927 4038 1338 4129; x_wconf 85' lang='lat' dir='ltr'><strong>cogitatum,</strong></span> <span class='ocrx_word' id='word_1_249' title='bbox 1391 4039 1514 4109; x_wconf 89' lang='lat' dir='ltr'><strong>sed</strong></span> <span class='ocrx_word' id='word_1_250' title='bbox 1556 4039 1835 4109; x_wconf 83' lang='lat' dir='ltr'><strong>factum.</strong></span> <span class='ocrx_word' id='word_1_251' title='bbox 1939 4039 2154 4128; x_wconf 86' lang='lat' dir='ltr'><strong>Atqui</strong></span> <span class='ocrx_word' id='word_1_252' title='bbox 2194 4039 2267 4107; x_wconf 94' lang='lat' dir='ltr'><strong>id</strong></span> <span class='ocrx_word' id='word_1_253' title='bbox 2316 4039 2609 4111; x_wconf 87' lang='lat' dir='ltr'><strong>alienum</strong></span> 
     </span>
     <span class='ocr_line' id='line_1_33' title="bbox 364 4138 2652 4236; baseline -0 -26"><span class='ocrx_word' id='word_1_254' title='bbox 364 4149 464 4210; x_wconf 88' lang='lat' dir='ltr'><strong>est</strong></span> <span class='ocrx_word' id='word_1_255' title='bbox 508 4142 596 4209; x_wconf 86' lang='lat' dir='ltr'><strong>ab</strong></span> <span class='ocrx_word' id='word_1_256' title='bbox 637 4138 780 4210; x_wconf 91' lang='lat' dir='ltr'><strong>hoc</strong></span> <span class='ocrx_word' id='word_1_257' title='bbox 818 4142 1001 4214; x_wconf 90' lang='lat' dir='ltr'><strong>loco.</strong></span> <span class='ocrx_word' id='word_1_258' title='bbox 1106 4141 1316 4226; x_wconf 77' lang='lat' dir='ltr'><strong>Quod</strong></span> <span class='ocrx_word' id='word_1_259' title='bbox 1364 4143 1420 4219; x_wconf 85' lang='lat' dir='ltr'><strong>si</strong></span> <span class='ocrx_word' id='word_1_260' title='bbox 1462 4143 1836 4214; x_wconf 86' lang='lat' dir='ltr'><strong>necessario</strong></span> <span class='ocrx_word' id='word_1_261' title='bbox 1888 4167 1930 4211; x_wconf 84' lang='lat' dir='ltr'><strong>a</strong></span> <span class='ocrx_word' id='word_1_262' title='bbox 1977 4142 2195 4212; x_wconf 86' lang='lat' dir='ltr'><strong>verbis</strong></span> <span class='ocrx_word' id='word_1_263' title='bbox 2233 4142 2425 4236; x_wconf 80' lang='lat' dir='ltr'><strong>quod</strong></span> <span class='ocrx_word' id='word_1_264' title='bbox 2468 4165 2607 4211; x_wconf 78' lang='lat' dir='ltr'><strong>nou</strong></span> <span class='ocrx_word' id='word_1_265' title='bbox 2645 4160 2652 4164; x_wconf 83' lang='lat'>·</span> 
     </span>
     <span class='ocr_line' id='line_1_34' title="bbox 359 4244 2606 4339; baseline 0 -27"><span class='ocrx_word' id='word_1_266' title='bbox 359 4245 622 4314; x_wconf 88' lang='lat' dir='ltr'><strong>initium</strong></span> <span class='ocrx_word' id='word_1_267' title='bbox 664 4244 814 4312; x_wconf 85' lang='lat' dir='ltr'><strong>fieri</strong></span> <span class='ocrx_word' id='word_1_268' title='bbox 853 4244 1096 4329; x_wconf 83' lang='lat' dir='ltr'><strong>debet,</strong></span> <span class='ocrx_word' id='word_1_269' title='bbox 1149 4267 1303 4330; x_wconf 86' lang='lat' dir='ltr'><strong>cur,</strong></span> <span class='ocrx_word' id='word_1_270' title='bbox 1356 4246 1547 4336; x_wconf 88' lang='lat' dir='ltr'><strong>quod</strong></span> <span class='ocrx_word' id='word_1_271' title='bbox 1587 4245 1802 4317; x_wconf 89' lang='lat' dir='ltr'><strong>modo</strong></span> <span class='ocrx_word' id='word_1_272' title='bbox 1846 4247 2389 4339; x_wconf 80' lang='lat' dir='ltr'><strong>significabamus</strong></span> <span class='ocrx_word' id='word_1_273' title='bbox 2420 4254 2606 4317; x_wconf 82' lang='lat' dir='ltr'><strong>recte</strong></span> 
     </span>
     <span class='ocr_line' id='line_1_35' title="bbox 367 4347 2606 4445; baseline -0 -29"><span class='ocrx_word' id='word_1_274' title='bbox 367 4348 542 4436; x_wconf 85' lang='lat' dir='ltr'><strong>dici,</strong></span> <span class='ocrx_word' id='word_1_275' title='bbox 610 4349 803 4442; x_wconf 80' lang='lat' dir='ltr'><strong>quod</strong></span> <span class='ocrx_word' id='word_1_276' title='bbox 837 4372 976 4418; x_wconf 78' lang='lat' dir='ltr'><strong>non</strong></span> <span class='ocrx_word' id='word_1_277' title='bbox 1016 4347 1288 4418; x_wconf 80' lang='lat' dir='ltr'><strong>dictum</strong></span> <span class='ocrx_word' id='word_1_278' title='bbox 1337 4351 1433 4421; x_wconf 77' lang='lat' dir='ltr'><strong>sit</strong></span> <span class='ocrx_word' id='word_1_279' title='bbox 1471 4351 1722 4445; x_wconf 75' lang='lat' dir='ltr'><strong>prius,</strong></span> <span class='ocrx_word' id='word_1_280' title='bbox 1804 4350 1879 4419; x_wconf 94' lang='lat' dir='ltr'><strong>id</strong></span> <span class='ocrx_word' id='word_1_281' title='bbox 1921 4351 2064 4423; x_wconf 87' lang='lat' dir='ltr'><strong>hoc</strong></span> <span class='ocrx_word' id='word_1_282' title='bbox 2114 4352 2273 4421; x_wconf 93' lang='lat' dir='ltr'><strong>loco</strong></span> <span class='ocrx_word' id='word_1_283' title='bbox 2324 4371 2461 4417; x_wconf 89' lang='lat' dir='ltr'><strong>non</strong></span> <span class='ocrx_word' id='word_1_284' title='bbox 2504 4356 2606 4416; x_wconf 88' lang='lat' dir='ltr'><strong>est</strong></span> 
     </span>
     <span class='ocr_line' id='line_1_36' title="bbox 366 4453 2613 4549; baseline 0 -27"><span class='ocrx_word' id='word_1_285' title='bbox 366 4453 799 4543; x_wconf 90' lang='lat' dir='ltr'><strong>probandum</strong></span> <span class='ocrx_word' id='word_1_286' title='bbox 815 4453 851 4523; x_wconf 82' lang='lat'>?</span> <span class='ocrx_word' id='word_1_287' title='bbox 899 4455 1298 4546; x_wconf 82' lang='lat' dir='ltr'><strong>Propterea,</strong></span> <span class='ocrx_word' id='word_1_288' title='bbox 1347 4458 1531 4549; x_wconf 84' lang='lat' dir='ltr'><strong>quia,</strong></span> <span class='ocrx_word' id='word_1_289' title='bbox 1566 4477 1791 4547; x_wconf 46' lang='lat' dir='ltr'><strong>„quum</strong></span> <span class='ocrx_word' id='word_1_290' title='bbox 1834 4455 2022 4533; x_wconf 87' lang='lat' dir='ltr'><strong>idem</strong></span> <span class='ocrx_word' id='word_1_291' title='bbox 2052 4458 2332 4529; x_wconf 83' lang='lat' dir='ltr'><strong>verbum</strong></span> <span class='ocrx_word' id='word_1_292' title='bbox 2360 4453 2613 4537; x_wconf 43' lang='lat' dir='ltr'><strong>iterum,</strong></span> 
     </span>
    </p>
   </div>
  </div>
 </body>
</html>
