3325 5317
663 427 712 545 O
923 497 928 504 ·
1202 537 1207 544 ,
1292 535 1295 540 .
1370 477 1491 540 ΒΕ
1560 477 2175 541 ARGVMENTIS
2255 509 2260 516 =

703 715 706 720 .
869 647 1066 717 Haec
1096 648 1384 738 quidem
1412 659 1700 742 propter
1727 650 2176 724 Huschkimn.
2241 652 2487 745 Nuper
2517 674 2681 722 vero
2719 652 2894 720 alius

669 762 933 828 exortus
975 763 1072 821 est
1114 750 1387 844 Orphei
1433 755 1787 839 defensor,
1844 756 2047 829 Ber‘n.
2086 753 2356 828 Ludov,
2395 754 2896 846 Koenigsman-

665 879 788 927 nus
803 903 826 941 ,
866 854 1221 926 Athenaei
1287 856 1790 949 Flenopolitani
1837 868 2061 927 rector
2076 907 2097 942 ,
2161 859 2280 947 qui
2327 857 2671 978 superiore
2717 880 2898 928 anno
2983 913 2994 936 .,

669 958 950 1029 Slesvici
1022 959 1238 1028 edidit
1300 960 1829 1032 dissertationem
1887 961 1977 1030 de
2047 971 2265 1034 aetate
2330 960 2634 1036 carminis
2696 961 2898 1052 epici,

670 1061 861 1152 quod
895 1062 1018 1130 sub
1047 1060 1318 1154 Orphei
1360 1066 1630 1134 nomine
1665 1038 2150 1136 circumfertur.
2254 1065 2393 1133 Hic
2437 1064 2713 1153 quidem
2756 1063 2912 1134 hoc.
3041 1099 3044 1102 *

672 1186 944 1234 carmen
980 1176 1140 1257 post
1185 1166 1573 1242 Nicatorem
1607 1168 1970 1250 Seleucum
2011 1177 2079 1235 et
2117 1166 2533 1242 Antiochum
2562 1168 2924 1251 Soterem,

671 1269 792 1337 sed
823 1271 977 1336 ante
1001 1269 1448 1358 Apollonium
1488 1280 1691 1359 atque
1725 1269 2264 1355 Eratosthenem,
2322 1271 2619 1358 ideoque
2660 1270 2908 1348 Ptole*-‚

669 1373 848 1442 maci
886 1370 1332 1463 Philadelphi
1380 1375 1798 1464 temporibus
1844 1374 2165 1464 scriptum
2214 1396 2355 1441 esse
2370 1422 2391 1458 ,
2460 1373 2684 1463 primo
2724 1394 2904 1465 geo-

671 1474 1017 1567 graphicis
1053 1476 1451 1562 rationibus,
1503 1477 1751 1544 deinde
1800 1500 1884 1546 ex
1923 1499 2006 1548 60
2025 1524 2046 1560 ,
2095 1475 2286 1564 quod
2328 1475 2730 1566 Apollonius
2761 1474 2903 1545 Or-

671 1578 932 1669 pheum
987 1578 1274 1647 imitatus
1316 1582 1435 1665 sit,
1511 1579 1801 1668 denique
1844 1602 1927 1648 ex
1968 1580 2267 1648 oratione
2301 1577 2569 1670 Orphei
2609 1579 2901 1654 demon-

671 1692 880 1749 strare
921 1690 1198 1751 conatus
1241 1692 1362 1762 est.
1466 1682 1676 1767 Quod
1724 1683 1842 1751 ille
1881 1705 2016 1771 quo
2052 1681 2360 1752 successh
2406 1681 2673 1765 fecerit,
2723 1705 2903 1772 pan-

628 1843 635 1850 .
674 1785 769 1855 cis
832 1784 1182 1858 declarare
1254 1785 1511 1854 animus
1569 1781 1709 1860 est.'
1805 1786 1900 1854 Et
1967 1786 2323 1877 regionum
2388 1783 2668 1872 quidem
2727 1785 2909 1851 noti-

608 1929 615 1939 ·
670 1888 834 1957 tiam
850 1935 871 1973 ‚
923 1909 1206 1976 quarum
1237 1889 1646 1960 mentionem
1685 1888 1849 1958 facit
1873 1886 2194 1979 Orpheus
2210 1936 2233 1972 ,
2282 1896 2469 1956 tanto
2516 1887 2733 1978 magis
2771 1889 2908 1955 mi-

672 2013 790 2059 ror
817 2014 860 2057 a
883 1990 1433 2082 Koenigsmanno
1461 1991 1548 2061 ad
1580 1991 1761 2060 hanc
1797 1992 2315 2083 disputationem
2343 1989 2713 2062 adhibitam
2745 2013 2909 2078 esse,

545 2165 556 2177 ‚
675 2092 866 2183 quod
909 2092 1051 2163 hoc
1089 2103 1305 2164 totum
1333 2105 1882 2186 argumentorum
1910 2118 2124 2188 genus
2142 2143 2163 2179 ,
2211 2094 2269 2161 si
2301 2094 2449 2183 quis
2487 2115 2573 2161 60
2617 2092 2907 2182 antiqui-

674 2204 886 2264 tatem
942 2198 1286 2287 scriptoris
1338 2200 1633 2289 probare
1683 2199 1964 2282 vellet„
1996 2221 2039 2264 3
2098 2221 2212 2266 1116
2260 2219 2531 2288 prorsus
2584 2196 2916 2270 reiectum.

676 2291 839 2367 erat'.
943 2299 1062 2369 Sic
1096 2301 1273 2370 enim
1310 2311 1702 2393 comparata
1730 2312 1830 2370 est
1872 2301 2050 2371 haec
2093 2302 2307 2369 omnis
2332 2299 2502 2367 ratio
2519 2346 2541 2384 ‚
2592 2309 2666 2368 ut
2702 2321 2907 2389 quam

674 2423 909 2471 recens
935 2402 1020 2469 sit
1049 2403 1288 2493 aliquis
1311 2406 1597 2495 scriptor
1610 2453 1631 2490 ,
1681 2406 1973 2496 probare
2002 2405 2233 2495 possit,
2285 2425 2423 2472 non
2448 2404 2612 2474 item
2629 2451 2649 2487 ,
2699 2425 2910 2492 quam

675 2504 759 2603 sit
789 2503 1126 2593 antiquus:
1173 2507 1364 2596 quod
1406 2508 1709 2576 nondum
1751 2517 2022 2598 reperta
2049 2508 2219 2578 scire
2247 2528 2447 2574 nemo
2487 2515 2746 2595 potest3
2795 2528 2912 2573 re-

674 2616 872 2699 perta
911 2618 1136 2676 autem
1175 2611 1290 2679 vel
1329 2612 1644 2701 ignorare
1660 2660 1683 2695 ,
1732 2612 1847 2679 vel
1882 2611 2185 2677 notitiam
2231 2629 2465 2676 eorum
2494 2607 2924 2678 dissimulare

676 2717 904 2802 potest
930 2710 1142 2798 quivis
1156 2758 1197 2795 ,.
1227 2713 1620 2801 praesertim
1654 2722 1864 2802 poeta
1880 2759 1901 2796 ,
1951 2713 2141 2798 isque
2178 2719 2247 2778 et
2284 2710 2716 2799 antiquissimi
2741 2710 2909 2779 scri-

677 2811 891 2906 ptoris
936 2833 1292 2900 personam
1346 2814 1656 2882 mentitus
1670 2861 1691 2899 ‚
1767 2824 1835 2883 et
1893 2836 1976 2881 ea
2029 2819 2283 2880 tantum
2329 2813 2625 2882 referens
2642 2863 2663 2900 ,
2737 2837 2914 2902 quae

679 2913 865 3009 prius
912 2915 999 2981 ab
1030 2914 1176 2982 aliis
1205 2915 1445 2984 tradita
1477 2927 1683 2985 erant.
1785 2915 2050 3001 Quodsi
2088 2939 2171 2985 ea
2202 2918 2466 3001 omnia,
2515 2940 2688 3006 quae
2715 2917 2911 2988 Koe-

679 3017 1125 3112 nig'smannus'
1147 3040 1400 3110 magno
1448 3041 1603 3087 cum
1663 3019 2005 3089 doctrinae
2068 3030 2399 3109 apparatu
2449 3020 2539 3088 de
2598 3022 2912 3089 locorum

683 3121 808 3190 situ
825 3167 848 3205 ,
916 3140 1207 3209 quorum
1254 3123 1333 3190 fit
1374 3126 1626 3192 mentio
1669 3124 1738 3191 in
1792 3122 2061 3214 Orphei
2115 3124 2620 3215 ArgonauticiS,
2696 3122 2924 3194 disse-.

680 3222 850 3307 ruit,
932 3232 1007 3290 ut
1048 3222 1295 3292 frustra
1359 3225 1692 3315 disputata
1705 3274 1726 3311 ,
1790 3248 2063 3318 prorsus
2116 3228 2527 3316 praeteriero
2544 3277 2565 3314 ‚
2633 3248 2769 3295 non
2812 3235 2914 3293 est

683 3323 855 3416 mihi
890 3324 1258 3396 verendum
1273 3375 1294 3411 ,
1347 3329 1622 3420 opinor,
1685 3353 1772 3398 ne
1822 3330 2196 3400 detrectare
2241 3329 2458 3420 magis
2501 3329 2748 3397 harum
2798 3352 2913 3397 re-

683 3451 836 3497 rum
878 3431 1549 3521 pervestigationem,
1608 3454 1815 3521 quam
1862 3432 2159 3502 refutare
2210 3456 2369 3516 eum
2418 3433 2598 3500 velle
2655 3431 2942 3504 videar.-

688 3534 796 3603 Ac
830 3553 1001 3601 -sane
1037 3554 1245 3620 quum
1278 3533 1445 3602 duas
1487 3545 1711 3625 partes
1752 3535 2003 3603 habeat
2045 3537 2182 3603 eius
2221 3535 2582 3627 disputatio
2599 3583 2620 3619 ,
2687 3556 2913 3619 unam,

593 3645 827 3723 ‘loqua
886 3657 1096 3723 usque
1145 3635 1234 3703 ad
1292 3659 1367 3728 p.-
1414 3636 1534 3705 26.
1593 3639 1830 3723 docet,
1915 3635 2277 3730 Orpheum
2352 3649 2509 3729 post
2578 3637 2915 3727 Pytheam

687 3737 1173 3806 Massiliensem
1201 3739 1458 3825 vixisse,
1509 3741 1812 3826 alteram,
1861 3764 1999 3829 qua
2029 3741 2304 3810 efficere
2349 3741 2603 3825 studet,
2653 3751 2728 3808 ut
2758 3763 2916 3808 eum

686 3839 1199 3908 Eratosthene
1181 3843 1506 3911 iuniorem
1564 3867 1705 3912 esse
1746 3844 2096 3912 credamus
2116 3892 2137 3929 ‚
2190 3843 2278 3911 (16
2302 3845 2531 3935 priore
2566 3853 2760 3934 parte
2804 3842 2920 3918 fa-‚

691 3942 823 4012 cile
876 3942 1301 4035 intelligitur,
1391 3946 1563 4015 nihil
1619 3970 1798 4031 esse,
1883 3946 2071 4050 quod
2132 3968 2288 4015 cum
2351 3969 2435 4014 60
2508 3946 2915 4066 disceptem:

689 4049 1101 4134 quamquam
1160 4070 1297 4117 non
1353 4050 1646 4135 laudo,
1675 4047 1888 4139 quod
1907 4072 2117 4138 quum
2176 4048 2389 4117 Andr.
2460 4049 2784 4120 Schottus
2845 4050 2916 4117 in
3021 4123 3024 4128 .

694 4147 966 4239 Orphei
1011 4173 1073 4217 v.
1099 4148 1322 4240 1164.
1355 4152 1560 4221 Gesn.
1593 4163 1981 4242 corruptam
2010 4153 2370 4222 lectionem
2395 4147 2683 4249 νήεσσιν
2725 4157 2915 4244 ἐριν-

694 4244 903 4325 νύσιν
943 4251 1198 4344 optime
1241 4254 1312 4322 in
1351 4248 1679 4349 νήσοισιν
1719 4252 2052 4351 Ispu'ocr
2093 4266 2443 4341 mutasset,
2494 4258 2641 4346 ipse
2672 4254 2933 4345 insigni,

696 4354 993 4425 311113613
1030 4351 1316 4453 νήσοισι
1359 4356 1882 4452 Βρεταννιᾘσιν
1915 4358 2343 4428 scribendum
2390 4368 2617 4450 putat·
2683 4357 2773 4426 de
2810 4359 2913 4424 al—

694 4466 841 4527 tera
877 4481 1039 4533 vero
1077 4471 1272 4557 parte
1290 4509 1330 4548 ,-
1378 4483 1556 4551 quae
1597 4468 1893 4530 versatur
1934 4461 2006 4530 in
2052 4483 2136 4531 eo
2151 4508 2174 4550 ,
2237 4472 2315 4533 ut
2357 4483 2441 4531 ex
2483 4459 2745 4531 silentio
2775 4458 2916 4531 Or-
