3325 5317
771 457 904 521 28⁶
1229 452 1656 530 CENSVRA
1699 451 2023 554 Novar.
2063 451 2552 514 EDITIONIS

762 637 902 712 tur,
952 646 1092 715 quo
1117 625 1337 693 statim
1366 622 1707 717 'appareat
1721 673 1743 709 ,
1795 646 2002 715 quam
2044 625 2306 719 ingenti
2337 645 2618 704 numero
2653 624 3012 696 verborum
3067 695 3073 700 ,

773 739 972 800 aucta
1012 729 1093 796 sit
1124 729 1306 797 haec
1344 729 1592 796 editio:
1644 725 1766 796 sed
1807 728 1877 795 in
1917 738 2101 798 textu
2152 732 2465 819 notisque
2502 730 2677 796 nihil
2705 729 3015 798 intererat

770 834 1136 920 lectorum,
1187 843 1412 901 utrum
1453 832 1589 899 iam
1630 856 1673 899 a
1701 830 2056 925 Stephano
2084 834 2260 906 haec
2301 832 2657 919 vocabula,
2708 855 2798 900 an
2839 854 3013 902 nunc

772 937 1052 1006 demum
1102 944 1379 1028 recepta
1422 942 1658 1003 essent.

978 1142 1207 1212 Multo
1249 1141 1454 1233 plura·
1492 1149 1641 1209 sunt
1655 1193 1677 1230 ,
1730 1142 1907 1231 quae
1946 1141 2214 1211 brevius
2258 1139 2396 1211 dici
2448 1148 2518 1209 et
2561 1142 2862 1232 potuisse
2877 1190 2899 1228 ‚
2953 1149 3016 1209 et

774 1268 935 1315 vero
999 1246 1311 1315 debuisse
1358 1253 1694 1337 putemus.
1815 1246 1926 1314 Eo
1994 1245 2345 1314 referimus
2405 1244 2525 1313 illa
2574 1246 3014 1336 potissimum,

771 1373 950 1441 quae
1010 1350 1327 1418 Editores
1390 1357 1665 1440 praeter
1723 1349 2182 1417 necessitatem
2231 1348 2391 1438 ipsis
2452 1349 2671 1416 verbis
2718 1349 3013 1435 virorum

753 1454 1138 1523 'doctorum
1158 1506 1179 1542 ‚
1232 1475 1403 1542 quos
1450 1462 1764 1521 auctores
1804 1450 2168 1536 adhibent,
2221 1451 2734 1542 adscripserunt,
2839 1453 3012 1519 Nam
3100 1462 3105 1466 ’

773 1558 896 1627 etsi
942 1558 1013 1625 in
1037 1557 1439 1624 ‘universum
1488 1554 1662 1623 illud
1713 1555 1917 1623 valde
1965 1557 2366 1645 probamuS‚
2432 1554 2622 1644 quod
2673 1556 2885 1623 verba
2927 1555 3014 1621 il-

768 1660 996 1729 lorum
1045 1660 1269 1750 potius
1286 1708 1306 1743 ‚
1360 1681 1563 1746 quam
1611 1666 1910 1726 mentem
1961 1657 2415 1727 exhibendam
2468 1659 2824 1747 duxerunt,
2878 1680 3011 1747 quo
3075 1674 3086 1684 ·

772 1766 1013 1835 certius
1062 1762 1427 1831 lectoribus
1485 1761 1573 1828 de
1624 1783 1894 1849 quaque
1945 1785 2019 1829 re
2045 1765 2439 1846 constaret,
2501 1784 2726 1852 neque
2776 1761 3013 1829 erroris

772 1868 1002 1954 aliqua
1051 1865 1341 1956 suspicio
1392 1864 1931 1932 subnasceretur:
1961 1875 2207 1944 ‘tamen
2254 1865 2466 1931 multo
2493 1864 2635 1934 hoc
2678 1888 2836 1934 cum
2890 1864 3012 1932 de-

771 1969 954 2038 lectu
997 1968 1387 2037 faciendum
1429 1967 1629 2036 fuisse
1672 1988 2048 2054 censemus,
2100 1992 2186 2036 ne
2227 1968 2428 2036 etiam
2471 1992 2553 2036 ea
2598 1968 3013 2052 afferrentur,

772 2073 1015 2163 quibus
1080 2071 1271 2139 haud
1333 2095 1541 2162 aegre
1606 2072 1875 2140 carituri
1941 2082 2160 2141 essent
2222 2071 2532 2139 lectores.
2653 2070 3009 2142 Eiusmodi

772 2185 923 2244 sunt
946 2177 1271 2243 verbosae
1295 2175 1635 2263 quaedam
1678 2175 2142 2270 adnotationes
2174 2173 2800 2267 Schweighauseri,
2853 2197 3013 2266 quas

770 2279 890 2349 hic
927 2280 1183 2370 repeti,
1248 2288 1326 2345 ut
1377 2302 1448 2369 p.
1495 2275 1617 2345 55.
1663 2288 1877 2379 atque¹
1910 2279 2105 2363 alibi,
2186 2278 2505 2370 profecto
2565 2278 2802 2347 inutile
2856 2286 3008 2347 erat.
3104 2295 3108 2302 ’

771 2385 998 2473 Atque
1045 2383 1315 2450 omnino
1368 2371 1714 2451 laudanda
1755 2382 2033 2471 quidem
2081 2395 2505 2473 magnopere
2557 2390 2659 2451 est
2715 2385 3010 2472 aequitas

769 2488 889 2555 illa
907 2537 927 2573 ‚
1004 2509 1182 2576 quae
1229 2487 1299 2553 in
1344 2486 1580 2554 litteris
1631 2507 1769 2553 non
1830 2486 1977 2575 quis
2033 2485 2328 2574 aliquid,
2395 2484 2517 2552 sed
2593 2486 2763 2574 quid
2832 2487 3011 2576 quis·-
3102 2511 3105 2512 ⁷

770 2615 906 2681 que
942 2591 1212 2675 dixerit,
1265 2589 1710 2681 spectandum
1748 2598 1975 2679 putat:
2028 2589 2148 2657 sed
2182 2590 2274 2657 ob
2315 2588 2497 2657 hanc
2539 2588 2756 2680 ipsam
2789 2602 3011 2657 tamen

770 2717 1074 2766 caussam
1113 2693 1438 2761 vellemus
1502 2694 1763 2782 aliquot
1817 2693 1985 2760 locis
2038 2714 2176 2759 non
2220 2715 2363 2760 esse
2407 2694 2793 2782 promiscue
2837 2715 3010 2783 quo—

737 2819 1212 2885 rumcumque
1266 2794 1621 2865 hominum
1670 2794 1878 2864 verba
1923 2796 2145 2864 allata.
2269 2795 2385 2867 Sic
2437 2819 2511 2888 p.
2554 2792 2676 2864 54.
2746 2819 2869 2867 cur
2925 2795 3010 2865 a‘d

770 2901 981 2969 verba
1031 2898 1353 2991 Sapphus
1372 2948 1393 2986 ‚

1165 3053 1174 3059 ’
1292 3048 1429 3149 57⁰3
1486 3054 1564 3128 δὲ
1612 3049 1878 3152 φι’λημ’
1926 3048 2346 3150 ἁβροσύναν
2359 3109 2388 3145 ,

1292 3156 1416 3229 καί
1460 3183 1595 3250 μοι
1647 3151 1742 3230 w*
1793 3152 2128 3253 λαμπρὼ)
2181 3160 2341 3250 ἔρος

1292 3255 1502 3332 ‹iel-lm
1555 3259 1674 3332 καὶ
1727 3254 1820 3332 vo*
1869 3254 2089 3334 καλεῖν
2141 3264 2472 3354 λέλογχε,

771 3413 901 3504 (ita
944 3410 1120 3481 enim
1156 3412 1233 3479 hi
1273 3413 1623 3497 versiculi,
1689 3413 1745 3479 si
1782 3414 1878 3482 sic
1922 3414 2180 3504 scripsit
2217 3413 2510 3505 Sappho
2525 3466 2545 3502 ‚
2611 3412 3009 3505 disponendi

771 3517 953 3608 sunt)
1009 3518 1213 3584 verba
1244 3518 1533 3587 adscribi
1568 3538 1741 3608 opus
1780 3526 1923 3584 erat
1962 3517 2280 3610 Volgeri‚
2333 3541 2469 3586 non
2506 3517 2718 3586 modo
2747 3540 3009 3586 sensum

773 3621 1183 3714 explanantis
1199 3670 1218 3705 ‚
1302 3622 1418 3711 qui
1458 3622 1611 3688 satis
1665 3621 1907 3711 planus
1956 3615 2172 3690 factus
2216 3632 2358 3690 erat
2405 3643 2488 3690 eo
2505 3670 2525 3707 ‚
2566 3622 2781 3711 ‘quod
2836 3622 3005 3688 inte-
3046 3631 3053 3639 ‘

770 3747 971 3815 grum
1014 3724 1376 3809 clearchi,
1441 3725 1558 3814 qui
1602 3724 1791 3794 haec
1847 3724 2079 3809 affert,
2145 3726 2378 3794 locum
2427 3725 2741 3793 Editores
2784 3746 3008 3816 appo-

773 3836 1071 3912 suerant,
1143 3829 1262 3896 sed
1308 3829 1481 3896 falso
1525 3828 1727 3896 etiam
1760 3828 2254 3913 contendentiS‚
2339 3830 2627 3921 λέλογχε
2658 3825 2861 3918 'q'uod
2894 3828 3007 3897 bis

771 3930 1056 4021 λέλογκε
1088 3933 1410 4022 scriptum
1441 3932 1743 3999 videmus
1762 3979 1782 4016 ‚
1848 3942 1922 3999 ut
1956 3933 2150 4024 'apud
2192 3931 2738 4022 Blomfieldium)
2794 3932 3009 4001 active

774 4031 1035 4099 dictum
1089 4057 1226 4102 esse
1246 4035 1280 4101 ?
1380 4036 1564 4103 Huic
1629 4034 1763 4102 Vol
1769 4057 1939 4126 gero
1957 4085 1978 4119 ‚
2055 4036 2172 4125 qui
2230 4034 2759 4104 dissuadentibus
2817 4034 3008 4104 nobis

775 4134 990 4203 edidit
1036 4135 1419 4228 fragmenta
1478 4127 1804 4228 Sapphus
1826 4187 1848 4223 ‚
1932 4139 2245 4213 Editores
2295 4138 2630 4206 Thesauri
2679 4140 2881 4207 etiam
2937 4140 3005 4204 in

771 4239 973 4308 rebus
1027 4241 1318 4308 metricis
1377 4242 1630 4331 aliquid
1675 4243 1969 4310 tribuere
2017 4243 2362 4328 videntur,
2430 4251 2509 4309 ut
2546 4265 2629 4310 ex
2681 4266 2765 4311 eo
2810 4242 3006 4312 colli-

772 4344 1035 4437 gimus,
1088 4344 1277 4432 quod
1297 4344 1372 4432 ‘in
1402 4345 1833 4414 adnotatione
1868 4347 2170 4417 subiecta
2214 4346 2322 4415 his
2365 4348 2580 4414 verbis
2628 4347 2770 4415 eius
2816 4368 3005 4413 men-

771 4447 1030 4547 tionem
1056 4445 1348 4518 faciunt:
1398 4449 1704 4537 „Versus
1729 4450 1800 4518 in
1840 4450 2152 4520 ordinem
2173 4450 2584 4542 redigendos
2623 4450 2770 4519 aliis
2804 4450 3010 4520 relin-
