3325 5317
744 474 879 539 8⁸0
1417 470 1531 532 ΒΕ
1581 468 2312 535 courosrrlom:

682 673 691 700 ι
747 652 1149 737 argumento
1187 644 1547 712 Persarum
1569 643 1851 736 scripsit.
1903 642 2099 713 Idem
2126 643 2293 716 fecit
2321 642 2685 736 Euripides
2698 690 2721 728 ‚
2769 665 2990 732 quum

745 748 1114 831 Medeam,
1161 745 1651 836 Philoctetam,
1703 744 1986 836 Dictyn,
2036 746 2375 817 Messores
2404 747 2844 817 comeciavitz
2894 747 2990 816 de

748 853 1008 943 quibus.
1027 850 1351 940 scriptum
1391 850 1463 918 in
1493 861 1891 943 argumento
1918 849 2280 920 Medeaez-
2306 862 2373 920 et
2400 851 2759 934 Xenocles,
2811 872 2981 920 con-

747 956 988 1024 iunctis
1015 953 1291 1045 Oedipo
1309 1001 1330 1035 ‚
1380 953 1704 1044 Lycaone
1722 1002 1743 1038 ,
1794 953 2088 1023 Bacchis
2101 1003 2123 1039 ,
2173 954 2607 1039 Athamante,
2657 963 2735 1022 ut
2771 954 2985 1021 refert

747 1059 1067 1128 Aelianus
1099 1057 1185 1124 V.
1226 1057 1319 1124 H.
1351 1057 1440 1124 ΙΙ.
1471 1053 1543 1125 8.
1648 1056 1916 1125 Eadem
1944 1057 2144 1126 fuisse
2174 1060 2348 1127 ratio
2390 1057 2655 1127 videtur
2694 1056 2985 1124 duarum

745 1161 1093 1252 Euripidis
1129 1160 1673 1251 tetralogiam,
1725 1161 1968 1251 quibus
2005 1184 2169 1250 quas
2197 1163 2513 1251 satyricas
2553 1161 2820 1228 fabulas
2852 1159 2985 1227 ad-

748 1264 1004 1333 diderit
1063 1263 1429 1347 nescimus‚
1497 1264 1725 1348 unius,
1809 1286 1983 1352 quae
2036 1264 2496 1355 Hypsipylen,
2562 1262 2985 1346 Phoenissam,

746 1369 1152 1459 Antiopam3
1203 1366 1494 1453 alterius,
1544 1389 1723 1456 quae
1748 1366 2182 1458 Iphigeniam
2212 1369 2279 1435 in
2308 1366 2581 1449 Aulide,
2611 1366 2983 1435 Alcmaeo-

745 1493 937 1557 nem,
1014 1470 1125 1539 vel
1194 1470 1456 1561 potius,
1548 1480 1624 1538 ut
1681 1470 2130 1559 probabiliter
2202 1471 2474 1539 coniicit
2531 1468 2981 1560 Musgraviuffi

747 1575 1161 1661 Alcmenen,
1214 1582 1283 1641 et
1318 1573 1631 1644 Bacchas
1666 1574 2263 1663 complectebatur.
2348 1573 2501 1640 Vna
2531 1574 2985 1664 perpetuitate

746 1677 1130 1769 argumenti
1175 1666 1550 1767 Aeschylus
1600 1677 1862 1768 scripsit
1909 1677 2526 1768 Agamemnonem,
2594 1674 2981 1766 Choepho-

744 1802 858 1848 ros
877 1829 897 1864 ,
958 1777 1371 1847 Eumenides
1388 1827 1409 1863 ,
1461 1780 1700 1868 quibus
1757 1801 1932 1868 quae
1984 1780 2356 1848 accedebat
2398 1779 2683 1868 satyrica
2726 1777 2980 1862 fabula,

744 1884 1032 1951 Proteus
1048 1928 1069 1964 ,
1121 1905 1239 1964 ea,
1294 1890 1366 1949 ut
1410 1882 1772 1951 coniiciunt
1815 1882 1939 1949 viri
1988 1882 2206 1968 docti,
2258 1883 2464 1951 affine
2510 1890 2982 1973 argumentum

740 1984 1111 2067 tractabat,
1195 1982 1496 2053 Menelai
1555 1985 2053 2076 profectipnem
2114 1986 2630 2078 Aegyptiacam.
2743 1986 2983 2055 Testes

744 2088 838 2157 de
873 2086 1009 2156 hac
1045 2088 1411 2179 tetralogia
1453 2097 1605 2156 sunt
1648 2089 1736 2174 is,
1803 2089 1919 2177 qui
1967 2089 2227 2180 scripsit
2270 2096 2740 2180 argumentum
2784 2089 2980 2178 Aga-

741 2191 1149 2275 memnonis,
1201 2200 1272 2260 et
1309 2191 1702 2261 scholiastes
1729 2192 2078 2285 Aristoph.
2113 2193 2203 2261 ad
2243 2194 2419 2264 Ran.
2450 2215 2515 2259 v.
2547 2185 2771 2258 1155.
2824 2189 2983 2258 Vsi-

740 2304 954 2364 tatum
1006 2294 1240 2377 fuisse,
1292 2303 1369 2362 ut
1406 2295 1611 2383 etiam
1654 2295 1726 2362 in
1768 2294 2022 2385 Satyris
2065 2294 2346 2363 eaedem
2388 2316 2754 2385 personae,
2805 2314 2984 2382 quae

740 2400 814 2467 in
841 2398 1252 2489 praegressis
1283 2398 1650 2489 tragoediis
1691 2397 1995 2482 fuerant,
2042 2398 2660 2481 introducerentur,
2710 2396 2984 2465 fuerunt

741 2502 861 2592 qui
898 2524 981 2569 ex
1009 2500 1116 2567 his
1148 2501 1555 2593 colligerent
1588 2501 1884 2570 versibus
1912 2502 2180 2572 Horatii
2207 2503 2278 2572 in
2301 2503 2388 2571 A.
2418 2503 2498 2570 P.
2535 2496 2707 2569 225.
2739 2520 2986 2570 vereor

739 2629 828 2675 ne
874 2627 1009 2673 non
1054 2605 1210 2674 satis
1253 2598 1491 2674 recte:⁸

946 2780 1192 2826 verum
1225 2759 1331 2827 ita
1367 2760 1660 2844 risores,
1714 2759 1821 2829 ita
1851 2757 2351 2828 commendare
2402 2757 2676 2827 dicacis

948 2862 1307 2931 conveniet
1346 2808 1660 2953 Satyros⁹
1663 2911 1686 2948 ,
1755 2864 1861 2931 ita
1891 2871 2169 2931 vertere
2207 2862 2400 2931 seria
2438 2860 2650 2945 ludo,

688 2969 735 3034 ὅ
951 2986 1063 3048 ne,
1114 2966 1530 3058 quicumque
1554 2965 1770 3051 deus,
1821 2967 2238 3058 quicumque
2267 2963 2724 3033 adhibebitur
2751 2961 2985 3047 beros,

946 3068 1195 3158 regali
1223 3076 1632 3169 conspectus
1674 3070 1748 3138 in
1792 3091 1971 3138 auro
2009 3089 2238 3160 nuper
2286 3075 2354 3135 et
2386 3075 2596 3155 ostro,

947 3169 1216 3259 migret
1255 3171 1330 3237 in
1372 3160 1713 3246 obscenas
1747 3171 1999 3239 'tunuli
2024 3191 2344 3239 sermone
2370 3169 2727 3253 tabernas,

950 3276 1079 3337 aut
1096 3318 1117 3355 ,
1172 3269 1345 3339 dum
1371 3274 1551 3341 vitat
1583 3273 1872 3341 humum
1889 3320 1911 3358 ,
1961 3272 2181 3343 nubes
2216 3280 2285 3342 et
2323 3273 2569 3341 inania
2617 3276 2878 3365 captet.

743 3420 954 3506 Quod
1005 3422 1060 3489 si
1126 3445 1210 3492 ex
1264 3423 1537 3491 nomine
1602 3425 2058 3494 coniecturam
2115 3425 2344 3495 facere
2395 3426 2597 3509 licet,
2665 3431 2983 3514 quattuor

742 3525 1125 3594 fabularum
1181 3526 1251 3593 in
1304 3525 1547 3595 eodem
1596 3536 1995 3620 argumento
2033 3529 2432 3598 versantium
2482 3527 2807 3596 indicium
2848 3523 2975 3593 ha-

740 3629 894 3712 bet,
947 3652 1123 3718 qnae
1155 3653 1195 3696 a
1214 3629 1583 3699 scholiasta
1618 3630 2092 3722 Aristophanis
2126 3631 2217 3699 ad
2250 3633 2429 3699 Aves
2464 3654 2526 3698 v.
2566 3629 2738 3698 282.
2786 3651 2982 3699 com-

743 3742 1155 3800 memoratur
1183 3732 1511 3805 Philoclis
1545 3730 1939 3814 Πανδιονὶς
1969 3734 2350 3825 tetralogia.
2428 3733 2772 3824 Euripidis
2816 3753 2981 3800 vero

744 3835 1176 3925 tetralogiam
1228 3831 1771 3929 ’'Alaptatmmdoe
1834 3836 2150 3906 Butlerus
2206 3833 2299 3904 ad
2356 3835 2681 3925 Aeschyli
2729 3836 2979 3927 fragm.

745 3933 974 4002 Prom.
1021 3960 1094 4027 p.
1124 3924 1297 4006 214.
1351 3939 1440 4006 T.
1483 3939 1536 4012 1.
1571 3949 1987 4009 commentus
2030 3950 2161 4023 est,
2214 3939 2330 4028 qui
2369 3936 2422 4006 si
2464 3939 2836 4010 accuratius
2877 3940 2983 4007 in-

747 4035 1069 4125 spexisset
1116 4026 1533 4124 Bentleium,
1616 4065 1821 4131 quem
1888 4052 2231 4111 auctorem
2289 4043 2624 4126 nominat,
2687 4041 2983 4127 vidisset,

747 4136 937 4207 hunc
983 4137 1175 4218 istam
1220 4143 1565 4234 Euripidis
1619 4140 2161 4238 Ἀλκμαιωνίδα
2214 4145 2405 4238 aegri
2464 4147 2798 4215 somnium
2854 4167 2982 4236 ap-

748 4242 1029 4332 pellare.
1130 4243 1298 4317 Νοιι
1337 4247 1554 4338 magis
1605 4270 1689 4315 ex
1743 4271 1825 4316 eo
1844 4297 1864 4334 ,
1932 4248 2123 4337 quod
2163 4248 2653 4340 Aristophanes
2696 4247 2979 4317 Thesm.

752 4342 927 4412 141.
993 4342 1410 4434 Lycurgiam
1452 4349 1782 4438 Aeschyli
1824 4353 2157 4435 nominat,
2208 4375 2418 4441 quum
2466 4352 2824 4444 Lycurgus
2867 4351 2981 4418 fa-

749 4446 913 4515 bula
960 4445 1247 4536 satyrica
1294 4446 1497 4517 fuerit
1510 4497 1532 4537 ,
1593 4453 1806 4522 ausim
1858 4456 2187 4550 colligere
2204 4505 2226 4547 ,
2293 4454 2728 4571 tetralogiam
2780 4454 2985 4524 fuisse
