3325 5317
1205 461 1850 539 DANAIDIBVS.;
2434 521 2441 537 ,
2517 460 2653 533 8³12

407 644 735 720 Δαναῗσι
782 632 879 714 ‘to'
927 637 1130 734 γένος
1181 634 1445 713 αὐτῶν.
1550 637 2025 731 Multiplicem-
2073 638 2253 717 enim
2316 637 2649 727 Pelasgo-.-

404 770 558 815 rum
606 744 962 815 mentionis
1012 743 1587 836 opportunitatem
1645 742 1827 812 haec
1887 742 2246 835 tragoedia
2309 741 2649 822 continere

405 849 664 919 debuit.
696 900 717 921 .
762 847 958 917 Male
1006 869 1171 916 vero
1231 846 1420 937 apud
1486 847 1896 933 Strabonem
1960 847 2246 938 legitur,
2327 849 2405 918 ἐν
2438 841 2737 925 ὅἽκέ--ι12

408 978 608 1029 τισιν
655 951 702 1048 ἢ
751 955 1078 1026 Δαναΐσι
1098 999 1119 1039 ,
1172 972 1310 1039 qua
1350 949 1597 1019 menda
1634 949 1964 1040 deceptus
1992 949 2326 1018 Stanleius
2368 948 2438 1015 in
2473 946 2650 1023 notis

406 1055 501 1123 ad
546 1054 846 1124 indicem
883 1053 1269 1127 fabularum
1304 1052 1641 1124 Danaides
1687 1061 1757 1124 et
1796 1052 2160 1145 Supplices
2202 1070 2407 1122 unam
2445 1056 2650 1142 puta-

407 1159 505 1229 vit
534 1157 986 1247 eamdemque
1018 1155 1449 1250 tragoediam
1493 1178 1659 1224 esse.
1753 1156 1761 1165 ‘

612 1364 925 1434 Alter-um
958 1344 1438 1457 argumentum
1452 1411 1475 1450 ‚
1524 1383 1666 1452 quo
1714 1360 2058 1447 adducor,
2107 1369 2207 1430 ut
2230 1361 2567 1432 absolutas
2614 1387 2657 1435 a

407 1467 747 1538 iudicibus
789 1468 1057 1559 puellas
1103 1467 1418 1552 credam,
1483 1466 1627 1539 hoc
1668 1474 1801 1550 est,
1869 1465 2059 1555 quod
2105 1466 2302 1534 aliter
2341 1490 2480 1535 non
2518 1488 2655 1557 po-

409 1571 642 1640 tuisset
697 1570 1229 1663 Hypermnestra
1272 1594 1392 1639 rea
1451 1572 1605 1662 agi,
1676 1556 1864 1658 quod
1917 1578 2141 1637 tamen
2190 1556 2448 1648 factum
2493 1593 2656 1658 esse,
2725 1631 2731 1639 ,

411 1675 636 1766 arguit
679 1674 1139 1775 fragmentum
1182 1696 1264 1744 ex
1310 1674 1615 1741 oratione
1644 1673 1961 1757 Veneris,
2014 1672 2105 1741 de
2148 1695 2285 1761 quo
2329 1674 2507 1741 infra
2546 1673 2656 1740 di-

408 1788 619 1850 cetur.
722 1779 902 1845 Nam
948 1779 1005 1847 si
1041 1778 1400 1846 damnatae
1445 1784 1661 1846 essent
1709 1769 2016 1845 caeterae
2032 1824 2053 1860 ‚
2126 1787 2366 1866 sponte
2415 1782 2656 1846 conse-

409 1883 774 1972 quebatur,
826 1903 964 1948 non
991 1905 1134 1949 esse
1165 1880 1425 1950 crimini
1456 1879 1818 1947 obnoxiam
1845 1878 2481 1970 Hypermnestram.
2531 1880 2657 1948 ab·

410 1985 644 2055 solutis
677 1988 903 2050 autem
921 2032 947 2068 ‚‚
994 1998 1172 2072 quae
1197 1991 1620 2052 necaverant
1651 1992 1969 2072 sponsos,
2026 2003 2164 2050 non
2191 1983 2418 2073 potuit
2452 1982 2658 2074 culpa

346 2167 369 2186 ⁶
410 2100 656 2169 vacare
698 2109 780 2153 ea
796 2133 818 2171 ‚
869 2109 1046 2176 quae
1077 2094 1519 2179 pepercerat,
1588 2085 1724 2153 sed·
1763 2084 2024 2155 iudices
2077 2107 2164 2159 eo
2218 2109 2291 2155 se
2344 2086 2656 2156 redactos

409 2189 767 2273 videbant,
818 2197 893 2258 ut
911 2238 932 2274 ,
984 2213 1196 2280 quum
1231 2189 1379 2257 illas
1407 2189 1847 2258 absolvissent
1860 2235 1882 2273 ‚
1932 2186 2115 2259 hanc
2131 2237 2151 2274 ,
2204 2212 2381 2277 quae
2424 2198 2655 2281 spreto

408 2294 624 2386 patris
681 2292 1003 2364 mandato
1023 2341 1045 2379 ‚
1126 2314 1361 2364 amore
1425 2293 1655 2383 sponsi
1711 2292 2037 2363 incestum
2104 2292 2332 2364 facere
2345 2340 2367 2378 ‚
2448 2315 2657 2383 quam

409 2398 652 2465 iustam
714 2417 958 2469 necem
1021 2396 1190 2467 dare
1232 2395 1616 2482 maluisset,
1704 2393 2291 2467 condemnandam
2353 2397 2658 2469 esse1in-

404 2500 814 2594 telligerent.

618 2707 702 2777 In
750 2707 901 2777 eius
945 2704 1049 2775 rei
1079 2670 1596 2798 disceptatione
1643 2729 1728 2774 ea
1773 2715 2180 2807 exprompta
2242 2730 2388 2779 esse
2450 2729 2662 2800 argu-

412 2817 647 2884 menta
689 2810 1020 2884 credibile
1057 2818 1190 2895 est,
1266 2833 1452 2899 quae
1491 2820 1563 2878 et
1596 2810 1878 2902 culpam
1917 2800 2496 2904 Hypermnestrae
2535 2835 2657 2880 au·

415 2937 585 3006 gere
601 2961 623 2999 ‚
702 2922 771 2982 et
813 2912 1198 2996 invidiam'
1178 2936 1250 2983 ιιι
1293 2914 1647 3004 Lynceum
1690 2906 2030 2984 concitare
2069 2915 2469 2989 viderentur.
2570 2917 2666 2985 Et

415 3018 1024 3108 Hypermnestram
1063 3015 1343 3104 quidem
1386 3040 1597 3106 quum
1639 3016 1952 3109 plerique
1980 3019 2310 3111 virginem
2354 3018 2662 3093 mansisse

417 3120 724 3209 tradant,
790 3128 868 3192 ut
899 3118 1410 3211 Apollodorus,
1462 3120 1854 3190 scholiastes
1898 3123 2184 3194 Homeri
2224 3123 2314 3191 ad
2356 3122 2554 3197 Iliad,
2597 3126 2661 3197 δε

419 3222 597 3293 17]..
643 3223 1045 3294 scholiastes
1081 3221 1370 3293 Pindari
1412 3224 1503 3291 ad
1548 3225 1745 3293 Nem.
1793 3225 1880 3295 X.
1930 3223 2050 3295 1⁰.
2101 3236 2339 3316 atque
2355 3225 2662 3310 ovidius,

419 3329 830 3398 contrarium
876 3326 1043 3397 dicit
1094 3325 1490 3397 scholiastes
1547 3328 1899 3419 Euripidis
1949 3331 2042 3402 ad
2081 3331 2257 3401 Η66.
2317 3329 2492 3399 869.
2535 3328 2660 3401 ed
2731 3382 2738 3395 .

419 3429 675 3501 Mattlr.
722 3429 862 3522 μία
915 3429 997 3503 δὲ
1042 3424 1326 3503 τούτων
1372 3424 1572 3528 μόνη
1613 3429 1659 3528 ἦ
1708 3430 1806 3504 Υ
1794 3458 2263 3555 περμνηστρα
2316 3430 2661 3526 ἐφείσατο

419 3534 562 3654 ταῦ
596 3535 978 3627 Λυγκέως,
1031 3526 1182 3604 ἄπο
1231 3532 1358 3628 τῆς
1407 3537 1660 3626 μίξεως
1712 3528 2052 3609 διάθεσιν
2102 3541 2434 3631 ἐσχηκυῖα
2479 3559 2660 3630 προσ

423 3630 675 3710 αὐτόν.
728 3636 980 3704 Hanc
1028 3635 1420 3705 sententiam
1467 3637 1791 3727 probaese
1831 3637 2093 3707 videtur
2116 3637 2498 3728 Aeschylus
2515 3686 2535 3722 ‚
2587 3646 2663 3709 ut

418 3740 540 3830 qui
581 3740 1188 3830 Hypermnestram
1245 3760 1383 3806 non
1431 3749 1573 3825 tam
1629 3739 2052 3810 miseratione
2089 3742 2353 3830 Lyncei
2369 3790 2390 3826 ‚
2456 3763 2664 3831 quam

419 3866 656 3913 amore
696 3867 742 3912 a
787 3843 1001 3916 caede
1048 3841 1422 3911 cohibitam
1465 3842 1747 3921 finxerit.¹
1850 3843 1942 3913 ld
1980 3858 2064 3917 ex
2112 3845 2222 3923 his
2267 3844 2337 3917 in
2374 3846 2665 3933 Promo*

423 3945 608 4023 theo
630 3971 697 4021 v.
758 3944 942 4071 864.
984 3945 1415 4038 intelligitur:

733 4149 915 4243 μίαν
969 4152 1048 4227 δὲ
1098 4148 1376 4225 παίδων
1428 4160 1678 4247 ἵμερος
1728 4153 2006 4239 θέλξει,
2058 4182 2146 4229 το
2188 4183 2294 4278 μη

685 4260 1014 4335 κτεῖναι
1067 4250 1458 4334 σύνευνον..
1513 4253 1678 4330 ἀλλ’
1733 4252 2444 4382 ἀπαμβλυνθήσεται

739 4350 1063 4480 γνώμην,
1130 4361 1331 4432 δυοῖν
1384 4358 1461 4432 δὲ
1513 4352 1842 4450 θατερον
1891 4356 2355 4483 βουλήσεται,

735 4453 974 4543 κλύειν
1025 4460 1338 4546 ἄναλκις
1362 4462 1645 4561 μαλλον
1694 4461 1762 4567 ἢ
1790 4458 2205 4561 μιαιφόνος.
