3325 5317
693 477 988 541 REGIS
1045 476 1643 541 SOLEMNIBVS
1701 466 2344 544 SEMISAECVL.'
2477 480 2613 544 847

381 651 662 772 adipisci
677 700 700 737 ‚
770 651 1143 742 maluitque
1187 652 1299 719 vel
1342 650 1764 742 reprehendi-
1804 675 1845 719 a
1900 651 2300 741 quibusdam
2313 698 2338 736 ‚
2410 650 2609 741 quod

377 756 572 823 nimis
645 763 846 824 tenax
923 764 1228 823 veterum
1289 755 1735 823 institutorum
1799 764 1987 825 esset.
2104 755 2376 823 Etenim
2452 777 2610 824 mu-

374 868 523 927 tare
575 858 740 948 quid
794 858 1195 929 facillimum
1257 866 1392 938 est3
1486 857 2000 927 difficillimum
2014 880 2176 925 vero
2196 906 2217 942 ‚
2290 859 2610 947 quoniam

377 961 552 1029 nihil
624 963 694 1029 in
789 962 1057 1032 civitate
1131 984 1428 1030 seorsum
1493 970 1785 1050 constat,
1851 961 1970 1031 sed
2024 962 2252 1029 omnia
2300 961 2609 1030 omnibus

377 1063 751 1135 cohaerent
817 1073 886 1133 et
915 1136 921 1145 s
948 1065 1158 1135 veluti
1225 1074 1543 1143 concreta
1591 1073 1775 1150 sunt,
1825 1065 1926 1133 ita·
1968 1074 2228 1145 mutare
2241 1112 2263 1149 ,
2327 1074 2404 1133 ιιι
2465 1065 2610 1153 quis

369 1169 528 1259 plus
613 1169 947 1260 corrigat,
1023 1184 1230 1258 quam
1295 1178 1721 1258 corrumpat3
1802 1169 1959 1258 plus
2024 1168 2309 1254 condat,
2402 1190 2608 1257 quam

372 1279 651 1341 evertat.
785 1270 998 1355 Quod
1061 1270 1193 1340 Ille
1254 1273 1475 1361 probe
1556 1271 1941 1365 intelligens
1958 1319 1980 1357 ,
2074 1270 2276 1361 periti
2352 1271 2701 1340 medicilss

367 1375 605 1460 instar,
693 1395 830 1442 non
898 1374 1158 1443 urendo
1220 1384 1290 1442 et
1335 1374 1629 1444 secando
1680 1376 1882 1443 etiam
1954 1374 2213 1443 sincera
2311 1374 2606 1465 laedere,

369 1477 496 1546 sed
587 1477 771 1545 lente
864 1478 1355 1568 paullatimque
1448 1477 1841 1546 adhibenda
1940 1477 2244 1562 medela,
2324 1478 2566 1561 certius
2583 1527 2603 1563 ‚

284 1624 293 1633 ι
368 1603 578 1670 quam
658 1581 977 1661 celerius;
1065 1582 1134 1647 in
1207 1583 1552 1650 universae
1618 1583 1902 1651 civitatis
1960 1581 2307 1649 utilitatem
2326 1629 2348 1666 ‚
2400 1603 2603 1670 quam

365 1687 441 1753 in
470 1684 765 1773 partium
811 1682 977 1751 alius
1005 1685 1478 1770 commodum,
1531 1685 1701 1752 alius
1736 1684 2243 1764 detrimentum3
2290 1685 2361 1769 in
2402 1706 2603 1752 omne

369 1809 646 1871 aevum,
698 1809 902 1875 quam
944 1787 1015 1854 in
1053 1787 1313 1876 aliquot
1354 1811 1560 1856 annos
1586 1811 1927 1858 mensesve
1979 1787 2303 1878 prodesse
2345 1787 2602 1859 maluit.

368 1889 514 1958 Sed
564 1889 733 1977 quid
790 1888 967 1959 haec
1020 1912 1362 1976 memoro,
1441 1892 1785 1959 auditores
1802 1891 1837 1958 P
1914 1889 2187 1958 Maiora
2249 1889 2602 1979 habemuS,

367 1992 1145 2081 multoqueillustriora,
1197 2016 1372 2083 quae
1417 1994 1545 2061 llle
1578 1994 1771 2061 dedit
1814 2016 1974 2066 suae
2026 1995 2244 2061 animi
2261 1995 2605 2086 magnitu-

370 2095 543 2167 dinis
599 2095 1028 2165 documenta.
1130 2096 1374 2164 Nonne
1414 2096 1552 2165 Hic
1597 2106 1753 2164 ante
1793 2094 1923 2164 hos
1964 2111 2226 2187 septem
2258 2109 2328 2164 et
2367 2096 2605 2188 viginti

368 2221 578 2265 annos
617 2221 906 2290 regnum
932 2199 1260 2268 Poloniae
1275 2248 1295 2284 ‚
1348 2201 1524 2267 ultro
1568 2199 1713 2290 Ipsi
1759 2200 2057 2268 oblatum
2073 2248 2093 2285 ,
2162 2198 2605 2268 detrectavit?

365 2303 646 2422 Nonne,
700 2324 911 2390 quum
943 2304 1245 2371 certatim
1276 2303 1620 2394 principes
1650 2303 2056 2372 Germaniae
2087 2303 2449 2397 Gallorum
2493 2312 2606 2390 ty-

367 2406 556 2473 ranni
597 2406 905 2473 favorem
949 2415 1017 2473 et
1059 2406 1487 2474 clementiam
1539 2407 1867 2474 ambirent
1883 2454 1905 2492 ,
1964 2407 2213 2495 aliique
2259 2387 2422 2473 alias
2477 2405 2604 2473 sibi

362 2509 744 2599 provincias
784 2509 932 2575 dari
974 2509 1381 2601 gauderent,
1433 2511 1941 2601 propemodum
1990 2510 2172 2577 solus
2207 2518 2277 2577 et
2306 2509 2603 2629 dignita-

363 2622 507 2679 tem
533 2623 720 2680 suam
754 2613 1168 2681 conservavit
1184 2665 1205 2702 ‚
1256 2627 1328 2681 et
1354 2613 1682 2682 ditescere
1717 2612 2055 2704 discerpto
2096 2613 2384 2703 imperio
2420 2612 2602 2680 Ger-

363 2715 669 2800 manico,
722 2716 833 2784 cui
865 2738 1003 2784 non
1043 2717 1255 2784 semel
1289 2716 1590 2785 Caesaris
1622 2717 1773 2788 vice
1824 2739 1981 2786 cum
2020 2716 2228 2784 laude
2267 2715 2602 2806 praefuis-

360 2829 499 2903 set,
553 2843 595 2886 a
641 2821 737 2888 Se
779 2819 1075 2888 alienum
1121 2819 1489 2890 iudicavit?
1537 2822 1781 2889 Nonne
1825 2821 1955 2889 Ille
1980 2842 2202 2908 neque
2249 2819 2430 2911 regis
2471 2841 2601 2886 no-

364 2940 563 3006 men,
612 2945 836 3010 neque
878 2922 1198 2992 ducatum
1249 2923 1612 2992 Varsoviae
1631 2971 1652 3007 ‚
1705 2925 1827 2991 nisi
1880 2934 2151 2993 coactus
2188 2931 2257 2990 et
2292 2932 2436 2990 tum
2487 2946 2601 2989 su-

366 3025 614 3115 scepit,
682 3048 892 3114 quum
952 3049 1080 3116 per
1136 3028 1700 3096 Germanicorum
1753 3027 2136 3118 principum
2194 3025 2601 3094 discordiam

364 3128 674 3197 Gallus
654 3151 726 3195 ιιι
770 3129 1134 3197 Germania
1165 3138 1421 3198 tantum
1453 3154 1589 3198 non
1629 3153 1875 3198 nomen
1916 3128 2339 3221 imperatoris
2379 3129 2602 3198 habe-

363 3241 469 3299 ret
486 3232 521 3298 ?
595 3230 754 3315 Quo
800 3233 1090 3318 factum,
1168 3245 1244 3302 ut
1296 3235 1443 3339 ipse
1496 3235 1617 3302 ille
1664 3234 1825 3304 iuris
1883 3236 2097 3303 omnis
2152 3242 2600 3325 contemptor,
2729 3274 2736 3281 ·

363 3335 484 3423 qui
511 3337 1168 3406 contumeliosissime
1211 3328 1491 3429 regibus
1529 3338 1846 3406 insultare
1876 3347 2311 3408 consueverat
2325 3386 2345 3421 ‚
2394 3338 2601 3404 Hunc

361 3447 592 3506 tamen
620 3448 971 3509 attrectare
993 3463 1129 3508 non
1160 3443 1243 3510 sit
1279 3465 1490 3511 ausus.
1594 3443 1824 3512 Tanta
1864 3451 1961 3512 est
2002 3443 2179 3510 enim
2216 3464 2411 3509 verae
2460 3440 2597 3508 vir-

362 3542 519 3609 tutis
566 3543 873 3610 maiestas
888 3592 910 3627 ‚
986 3553 1065 3612 ιιι
1118 3546 1320 3613 etiam
1366 3547 1610 3633 quibus
1659 3546 1831 3613 nihil
1889 3546 2075 3613 aliud
2129 3553 2430 3615 sanctum
2476 3550 2596 3627 est,

361 3646 620 3715 violare
649 3649 800 3714 eam
830 3658 1202 3721 vereantur.
1307 3648 1494 3732 Quid
1511 3649 1546 3717 ?
1591 3672 1677 3716 an
1709 3649 1829 3715 illa
1859 3669 2388 3717 commemorem
2419 3654 2597 3713 tem-

361 3763 571 3839 pora,
636 3752 878 3838 quibus
910 3750 1083 3819 nihil
1124 3772 1252 3820 nec
1295 3752 1487 3820 nobis
1505 3800 1525 3837 ,
1597 3774 1822 3841 neque
1866 3753 2009 3842 Ipsi
2054 3750 2590 3819 innocentissimo

359 3852 577 3920 Ram·
605 3854 850 3923 tristius
896 3857 1119 3946 potuit
1159 3865 1363 3944 atque
1403 3856 1709 3926 acerbius
1754 3855 2067 3925 evenire?
2116 3855 2239 3924 etsi
2286 3853 2472 3920 nulla
2516 3859 2689 3922 re2⁰

360 3956 580 4048 magis
610 3967 813 4046 atque
844 3962 1137 4049 apertius
1156 4009 1176 4045 ‚
1229 3982 1434 4048 quam
1482 3960 1601 4027 illa
1645 3967 1824 4028 sorte
1859 3968 2015 4030 cuni
2058 3957 2388 4048 dignitate
2431 3978 2599 4046 per-

356 4059 641 4128 ferenda
659 4108 679 4145 ,
733 4072 984 4150 quanta
1021 4061 1186 4131 Eius
1225 4062 1587 4151 fortitudo,
1638 4072 1889 4152 quanta
1928 4062 2327 4146 constantia,
2380 4085 2595 4151 quan-

358 4170 431 4231 ta
489 4163 694 4231 animi
752 4165 1151 4258 magnitudo
1201 4174 1403 4256 atque
1469 4167 1813 4236 excelsitas
1857 4175 2027 4235 esset
2042 4214 2063 4251 ‚
2132 4166 2592 4256 cognovimus

361 4266 559 4335 Absit
608 4290 770 4335 vero
785 4316 807 4351 ‚
888 4279 964 4339 ut
1010 4268 1197 4341 hunc
1243 4269 1925 4338 faustissimumdiem
1962 4271 2236 4338 illorum
2266 4269 2592 4337 recorda-

290 4382 293 4385 ’
359 4369 547 4438 tione
576 4368 912 4441 fuscemus
925 4421 946 4458 ‚
998 4396 1289 4464 quorum
1321 4396 1664 4464 speramus
1698 4397 1836 4442 non
1876 4398 2017 4445 esse
2047 4395 2368 4465 umquam
2399 4379 2593 4462 post-

360 4471 499 4546 hac
541 4474 778 4545 similia
832 4477 1122 4553 visuram
1181 4475 1615 4549 Germaniam
1628 4527 1651 4567 ,
1729 4480 2123 4574 praesertim
2180 4500 2318 4548 non
2377 4475 2590 4545 modo

936 4735 956 4776 l
