3325 5317
916 448 1458 515 EPICHARMI
1511 449 1631 515 ΕΤ
1684 450 2066 519 EVMELI.
2479 455 2610 518 8⁰8

370 619 673 719 ἀδελφοὶ
715 615 852 718 τήν
896 615 1153 718 φύσιν,
1216 615 1590 718 ἑξαπήχεις
1629 615 1725 702 εδ
1761 620 2007 715 μῆκος.
2121 618 2318 693 Male
2359 622 2608 716 legitur

369 719 668 806 Χιόνος.
773 724 1113 801 Chionem
1155 722 1367 797 filiam
1422 726 1692 801 Boreae
1746 731 2078 797 memorat
2117 724 2606 816 Apollodorus.

369 829 468 897 Hi
512 828 720 921 igitur
748 838 881 898 tres
926 829 1165 909 fratres
1178 876 1199 914 ,
1250 836 1327 896 ut
1363 827 1572 897 refert
1613 828 1934 905 Aelianus
1950 876 1974 912 ,
2024 850 2234 916 quum
2281 838 2606 899 consueto

366 940 679 1024 tempore
719 932 1044 1001 solemnia
1086 954 1275 1001 sacra
1315 932 1700 1015 instituunt,
1770 953 1853 999 ex
1889 930 2219 1021 Rhipaeis
2266 934 2609 1002 montibus

364 1033 688 1109 immensa
718 1036 994 1104 advolat
1019 1034 1377 1105 multitudo
1409 1054 1801 1124 cycnorum,
1852 1032 2271 1123 considitque
2302 1035 2372 1105 in
2406 1047 2604 1127 septo
2616 1034 2729 1099 16·

366 1139 637 1230 templi,
702 1128 904 1229 at‘que
952 1139 1072 1207 ubi
1116 1146 1467 1209 cantorum
1518 1147 1587 1211 et
1636 1136 2126 1209 citharistarum
2185 1138 2434 1209 chorus
2475 1140 2611 1231 hy-

365 1265 598 1310 mnum
629 1242 764 1313 deo
793 1241 1001 1329 canit,
1070 1251 1211 1311 tam
1253 1250 1564 1313 accurate
1592 1239 1669 1308 hi
1697 1241 1892 1332 cycni
1929 1241 2322 1331 concinunt,
2373 1251 2449 1311 ut
2479 1244 2533 1311 si
2566 1267 2612 1312 a

364 1356 807 1437 praecentore
857 1344 1229 1414 indicatum
1276 1344 1480 1413 ‘vocis
1541 1353 2150 1436 temperamentum
2200 1345 2606 1438 exciperent.

365 1450 527 1518 Non
570 1457 670 1517 est
727 1451 1122 1533 obscurum,
1173 1469 1361 1516 sacra
1397 1447 1579 1517 haec
1598 1448 1990 1549 Apollinis,
2057 1459 2380 1518 consueto
2424 1458 2605 1518 tem-

363 1573 540 1643 pore
584 1575 626 1619 a
659 1551 930 1620 Boreae
973 1562 1042 1620 et
1086 1551 1270 1619 Nivis
1310 1551 1466 1621 filiis
1509 1573 1665 1623 cum
1704 1552 1988 1620 solemni
2032 1561 2231 1621 cantu
2275 1553 2605 1623 celebrari

363 1655 617 1741 solita,
656 1654 827 1723 nihil
873 1677 1013 1723 esse
1062 1654 1185 1722 nisi
1226 1656 1400 1722 veris
1444 1654 1771 1740 reditum,
1858 1655 1973 1744 qui
2021 1678 2230 1743 quum
2269 1654 2602 1742 homines,

362 1768 510 1829 tum
543 1780 776 1842 omnes
814 1758 1177 1827 animantes
1207 1756 1297 1824 ad
1327 1756 1654 1849 gaudium
1686 1757 1877 1825 laetis
1910 1758 2190 1830 vocibus
2217 1760 2604 1851 exprimen—

365 1861 532 1929 dum
568 1861 819 1934 invitet.
867 1858 879 1881 '
920 1864 1100 1930 Nam
1128 1869 1261 1928 tres
1287 1861 1439 1928 illos
1475 1861 1765 1952 ingentis
1796 1869 2085 1930 staturae
2124 1862 2304 1930 filios
2332 1862 2601 1931 Boreae

365 1974 433 2035 et
478 1965 662 2034 Nivis
678 2011 701 2050 ,
760 1966 882 2034 etsi
927 1987 1162 2039 eorum
1205 1965 1478 2035 nomina
1530 1985 1669 2035 non
1710 1962 1915 2033 affert
1949 1964 2270 2035 Aelianus
2287 2013 2309 2047 ,
2368 1956 2602 2041 ⁸tamen

361 2069 567 2139 facile
622 2068 863 2160 colligi
916 2077 1144 2160 potest
1191 2069 1466 2159 copiam
1513 2090 1843 2156 aquarum
1884 2067 2206 2160 intelligi,
2274 2090 2450 2156 quae
2492 2077 2603 2137 ta-

313 2174 318 2179 ’
364 2174 680 2241 bescente
718 2172 904 2256 nive,
955 2172 1176 2241 soluto
1210 2172 1378 2262 gelu
1396 2219 1418 2256 ,
1467 2178 1671 2262 rupta
1715 2178 1784 2240 et
1823 2170 2127 2239 fluitante
2171 2171 2395 2263 glacie
2429 2192 2603 2262 pro-

361 2274 746 2345 fundantur.
843 2275 1190 2357 Eamdem
1223 2298 1369 2344 rem
1395 2274 1529 2343 alia
1558 2274 1790 2342 fabula
1810 2274 2172 2345 Eumelum
2204 2275 2602 2365 expressisse

361 2379 702 2470 suspicor,
752 2379 811 2453 si
838 2378 1116 2469 quidem
1155 2388 1225 2448 et
1249 2376 1589 2471 Apollinis
1621 2400 1874 2446 nomen
1889 2429 1909 2466 ,
1968 2385 2039 2446 et
2074 2376 2427 2449 Musarum
2469 2399 2602 2468 ap-

358 2483 644 2575 pellatio
659 2534 680 2572 ,
733 2492 799 2551 et
826 2490 1147 2554 numerus
1160 2505 1391 2553 earum
1411 2530 1432 2571 ,
1486 2490 1555 2552 et
1572 2480 1852 2552 nomina
1898 2482 2102 2553 etiam
2149 2481 2245 2549 ita
2285 2481 2377 2549 ad
2413 2479 2602 2553 hunc

360 2586 564 2655 finem
601 2587 1018 2678 conspirant,
1068 2596 1146 2656 ut
1186 2586 1360 2654 nihil
1375 2635 1396 2671 ,
1448 2585 1641 2674 quod
1678 2606 1815 2655 non
1848 2584 2183 2676 aptissime
2225 2586 2601 2672 conveniat,

358 2688 648 2778 relinqui
706 2689 1031 2759 videatur.
1134 2691 1229 2760 Et
1286 2689 1685 2781 Apollinem
1747 2688 2026 2778 quidem
2077 2696 2214 2756 n'on
2292 2688 2599 2775 dixerim,

360 2793 551 2881 quod
580 2793 860 2862 fortasse
904 2795 1053 2884 quis
1084 2794 1432 2884 opinetur,
1458 2790 1702 2863 'solem
1728 2815 1903 2862 esse:
1952 2792 2115 2863 licet
2145 2813 2284 2861 non
2314 2802 2599 2862 conten-

354 2895 562 2982 dam,
611 2919 755 2964 non
796 2918 937 2966 esse
977 2897 1215 2970 solem.
1322 2896 1841 2967 Consistendum
1882 2904 1981 2964 est
2029 2896 2205 2965 enim
2251 2894 2321 2964 in
2370 2894 2597 2964 Grae-

361 3022 486 3069 cae
526 2999 1000 3091 mythologiae
1033 2999 1316 3086 finibuS,
1366 3000 1436 3068 in
1465 3020 1602 3089 qua
1641 3001 1906 3092 Apollo
1944 3000 2384 3090 interemptor
2430 2999 2598 3069 deus

360 3111 496 3188 est,
546 3101 882 3193 quidquid
926 3103 1099 3173 illud
1139 3104 1259 3188 sit,
1308 3105 1381 3172 in
1419 3126 1557 3194 quo
1599 3127 1683 3172 ea
1719 3105 1819 3173 vis
1863 3103 2288 3177 interimendi
2334 3102 2418 3171 sit
2457 3124 2597 3194 po-

358 3208 501 3274 sita.
601 3208 842 3297 Itaque
888 3207 1006 3278 ubi
1053 3206 1145 3275 de
1188 3207 1418 3276 hieme
1458 3204 1757 3278 finienda
1811 3228 2032 3289 sermo
2072 3216 2204 3295 est,
2271 3205 2443 3277 nihil
2489 3214 2597 3275 at-

355 3310 525 3379 tinet
569 3332 929 3399 quaerere,
982 3311 1149 3401 quid
1195 3312 1277 3380 sit
1292 3365 1313 3401 ‚
1376 3311 1567 3402 quod
1604 3311 1907 3383 hiemem
1952 3319 2337 3398 removeat,
2390 3310 2595 3381 dum-

357 3413 572 3481 modo
617 3415 857 3504 aliquis
905 3415 1043 3483 eius
1085 3416 1167 3484 sit
1220 3415 1680 3507 interemptor.
1793 3416 2012 3485 Huius
2068 3416 2243 3485 filias
2280 3422 2595 3505 apertum

361 3525 461 3585 est
499 3524 686 3586 recte
731 3527 800 3585 et
841 3527 1004 3611 apte
1046 3518 1279 3589 Musas
1319 3520 1657 3611 appellari
1677 3567 1699 3605 ,
1749 3528 1960 3609 quum
2002 3542 2269 3589 reversa
2314 3517 2595 3589 laetiore

359 3620 514 3689 anni
550 3629 950 3713 tempestate
979 3622 1068 3689 ad
1102 3622 1511 3695 hilaritatem
1542 3632 1612 3691 et
1654 3633 1925 3691 cantum
1955 3623 2183 3691 omnia
2208 3639 2593 3711 provocen-

355 3732 485 3793 tur.
590 3726 764 3794 Sunt
802 3734 1029 3794 autem
1068 3723 1226 3794 illae
1264 3747 1548 3796 numero
1590 3733 1762 3812 tres,
1811 3733 2098 3817 propter
2129 3723 2442 3795 eamdem
2477 3744 2594 3790 ra·-

355 3826 644 3915 tionem,
709 3839 996 3921 propter
1040 3852 1246 3918 quam
1291 3839 1443 3898 tres·
1481 3838 1634 3899 sunt
1676 3830 1946 3899 Boreae
1995 3837 2063 3897 et
2110 3827 2406 3900 Chiones
2448 3825 2594 3899 filii.

354 3929 535 3998 Nam
565 3933 750 4001 verni
790 3932 1044 4025 teporis
1074 3933 1144 4002 vi
1195 3938 1264 4002 et
1296 3933 1480 4002 nives
1509 3934 1891 4017 tabescunt,
1941 3940 2012 4000 et
2053 3933 2252 4023 gelus
2294 3929 2595 4017 solvitur,

358 4041 428 4099 et
455 4032 803 4104 disiectam
843 4036 1137 4128 glaciem
1168 4028 1576 4127 protrudunt
1610 4036 1917 4105 flumina:
1968 4035 2214 4125 hisque
2261 4034 2473 4103 tribus
2522 4034 2594 4103 in

353 4134 557 4204 rebus
578 4137 722 4206 ubi
753 4139 1118 4231 conspicua
1154 4138 1337 4209 facta
1373 4148 1472 4208 est
1517 4139 1614 4209 vis
1651 4138 2100 4232 peremptoris
2126 4139 2241 4208 dei
2258 4186 2281 4225 ,
2330 4137 2594 4207 sublata

353 4235 585 4308 hieme
628 4240 765 4308 iam
813 4265 934 4310 ver
984 4241 1217 4311 adesse
1270 4242 1685 4336 intelligitur.
1784 4242 1930 4312 Has
1977 4244 2156 4336 ipsas
2208 4250 2437 4311 autem
2483 4263 2591 4308 res

354 4342 557 4415 etiam
594 4343 873 4437 nomina
910 4345 1176 4415 illarum
1216 4342 1567 4419 Musarum
1622 4345 1815 4417 haud
1860 4348 2146 4419 obscure
2191 4344 2589 4440 significant.

351 4444 531 4517 Nam
581 4441 948 4547 Κηφισσαῗ
999 4449 1087 4519 ab
1158 4449 1401 4522 eadem
1449 4450 1682 4523 radice
1715 4451 1925 4525 -dicta
1984 4461 2122 4541 est,
2200 4474 2243 4527 a
2297 4469 2435 4539 qun
2490 4453 2591 4523 est
