3325 5317
704 493 819 565 '1⁰
1371 491 1377 498 ’
1451 500 1571 561 DE
1627 499 2256 564 ARGVMENTIS

935 674 1284 795 Νηλεῖδαι
1326 668 1783 767 μετόπισθεν
1809 668 2081 754 Ἰάονες
2111 667 2499 798 ἱδρύσαντο

933 769 1170 872 ἱερόν,
1223 772 1272 873 ᾗ
1309 779 1525 869 θέμις
1565 773 1734 874 ἦεν,
1787 773 2132 875 Ἰησονίης
2167 781 2243 850 ἐν
2281 770 2624 872 Ἀθήνης

727 913 877 982 lain
911 909 1268 1032 OrpheuS,
1319 912 1437 1000 qui
1475 935 1612 980 non
1655 913 1854 998 dicit,
1903 914 2086 981 unde
2125 912 2246 980 iste
2272 921 2571 1004 sumptus
2614 909 2813 979 fuerit
2851 911 2955 978 la—

726 1017 867 1108 pis,
919 1016 972 1084 si
999 1038 1287 1106 parvum
1317 1015 1616 1103 dixisset,
1665 1016 1985 1108 profecto
2017 1016 2453 1107 ineptissimus
2486 1014 2735 1082 fuisset.
2777 1015 2953 1081 Nam

726 1142 903 1210 quae
946 1119 1072 1190 diis
1122 1128 1589 1189 consecrantur
1605 1168 1626 1206 ,
1709 1121 1940 1209 aliqua
1985 1128 2169 1189 certe
2208 1141 2284 1188 re
2327 1118 2790 1186 memorabilia
2831 1117 2955 1186 sint

722 1227 993 1292 necesse
1043 1232 1157 1291 est.
1244 1223 1485 1312 Atqui
1531 1223 1710 1315 lapis
1753 1221 2213 1315 magnitudine
2267 1223 2543 1313 exiguus
2560 1269 2581 1306 ,
2645 1216 2953 1310 pondere

720 1326 921 1412 levis,
985 1325 1469 1394 monimentum
1519 1325 1754 1394 fuisset
1806 1337 1990 1394 tanto
2031 1325 2248 1418 magis
2298 1324 2696 1408 ridiculum,
2764 1321 2953 1417 quod

721 1453 766 1498 a
800 1429 950 1498 viris
990 1430 1238 1498 robore
1265 1437 1332 1496 et
1356 1430 1597 1498 virtute
1627 1426 2183 1501 excellentissimis
2212 1429 2741 1498 consecrabatur.
2792 1428 2955 1495 Hoc

716 1533 1095 1627 intelligere
1137 1532 1434 1602 debebat
1475 1533 1679 1601 etiam
1708 1533 2109 1624 Apollonius
2124 1579 2145 1617 ,
2195 1533 2313 1619 qui
2344 1534 2396 1599 si
2436 1526 2796 1622 Orpheum
2837 1554 2943 1598 re-

714 1635 1217 1727 prehendisset,
1301 1636 1493 1724 quod
1542 1637 1597 1703 is
1638 1659 1849 1728 grave
1902 1657 2133 1703 saxum
2186 1643 2619 1704 memorasset
2635 1683 2656 1719 ,
2735 1634 2949 1702 multo

714 1740 934 1832 magis
975 1740 1122 1829 ipse
1163 1740 1254 1807 ob
1298 1740 1495 1808 istam
1536 1727 2134 1829 reprehensionem
2171 1737 2399 1807 fuisset
2439 1736 2951 1829 reprehenden-

715 1842 863 1928 dus.
967 1843 1263 1928 Tantum
1308 1865 1469 1910 vero
1513 1843 1740 1928 abest,
1800 1852 1873 1911 ut
1912 1841 1986 1909 id
2028 1840 2351 1933 voluerit,
2411 1851 2487 1909 ut
2518 1833 2735 1932 magis
2776 1863 2947 1912 con-

713 1946 937 2013 firmet
966 1943 1235 2037 Orphei
1255 1945 1720 2014 narrationem.
1823 1947 2000 2014 Nam
2036 1967 2247 2033 quum
2277 1969 2431 2012 eum
2460 1943 2763 2034 lapidem
2794 1940 2946 2016 ὀλί-

712 2076 844 2141 γον
905 2047 1122 2121 λίθον
1170 2058 1370 2118 vocat
1390 2097 1410 2135 ,
1478 2070 1616 2116 non
1655 2048 1870 2117 voluit
1913 2050 2233 2140 exiguum
2261 2046 2559 2139 intelligi
2574 2096 2594 2131 ,
2645 2045 2766 2113 sed
2808 2043 2948 2115 non

710 2151 863 2219 satis
908 2174 1225 2243 gravem,
1288 2162 1363 2219 ut
1404 2173 1694 2220 ancorae
1742 2153 1943 2219 instar
1987 2174 2127 2219 esse
2158 2160 2406 2243 posset.
2506 2150 2746 2239 ltaque
2802 2148 2949 2219 hoc

709 2253 908 2340 dicit,
959 2255 1294 2347 lapidem,
1346 2278 1674 2346 magnum
1715 2256 1994 2345 quidem
2049 2263 2116 2322 et
2156 2277 2471 2347 gravem,
2522 2262 2600 2322 ut
2640 2253 2759 2342 qui
2813 2275 2945 2356 pro

709 2381 959 2429 ancora
1010 2381 1092 2426 eo
1140 2380 1352 2447 usque
1391 2359 1652 2444 fuisset,
1706 2358 1827 2428 sed
1873 2382 2008 2427 non
2052 2360 2205 2426 satis
2239 2367 2465 2426 tamen
2503 2356 2826 2426 idoneum
2853 2355 2943 2423 ad
3015 2391 3022 2403 κ

704 2484 949 2529 navem
1001 2464 1197 2553 Argo
1228 2462 1682 2547 retinendam,
1735 2463 2028 2531 solutum
2069 2464 2155 2531 ab
2183 2462 2470 2529 rudente
2505 2470 2574 2528 et
2615 2460 2706 2528 ad
2734 2462 2940 2530 Arta-

705 2559 889 2633 cium
926 2564 1186 2633 fontem
1213 2566 1301 2633 ab
1326 2567 1739 2658 Argonautis
1788 2567 2096 2636 relictum
2120 2588 2257 2633 esse
2274 2615 2294 2650 ,
2348 2564 2659 2655 graviore
2703 2561 2937 2656 lapide

705 2667 796 2735 ad
837 2690 1125 2737 ancorae
1168 2668 1474 2736 officium
1521 2668 1852 2742 adhibito.
1952 2668 2191 2755 Itaque
2222 2670 2279 2735 si
2302 2667 2420 2735 hic
2453 2667 2623 2734 alter
2652 2666 2937 2742 alterum

700 2768 1178 2859 reprehendit,
1229 2791 1365 2836 non
1407 2770 1817 2860 Apollonius
1850 2767 2246 2861 Orpheum,
2300 2768 2421 2836 sed.
2461 2766 2783 2862 Orpheus
2832 2770 2937 2837 vi-

699 2871 1038 2963 tuperavit
1076 2871 1539 2964 Apollonium.
1656 2873 1838 2941 Nam
1874 2872 2313 2961 Apolloniae,
2364 2871 2437 2938 id
2495 2873 2681 2963 quod
2723 2872 2936 2941 modo

699 2975 1019 3060 vidimus,
1070 2997 1208 3043 non
1244 2985 1485 3067 negat,
1539 2973 1819 3068 gravem
1849 2976 2050 3044 fuisse
2073 2975 2375 3067 lapidem
2403 2974 2623 3062 istum,
2676 2977 2937 3068 quippe

699 3102 905 3170 quem
939 3099 1070 3168 pro
1104 3100 1352 3147 ancora
1391 3102 1745 3171 usurpasse
1778 3083 2203 3172 Argonautas
2244 3079 2508 3147 scribat.
2615 3077 2940 3171 Orpheus

698 3204 864 3251 vero
904 3184 959 3249 si
1010 3203 1292 3269 quaeras
1353 3206 1473 3253 cur
1522 3184 1714 3251 aliter
1770 3184 1964 3251 istam
2026 3207 2168 3253 rem
2184 3231 2205 3269 ,
2268 3206 2477 3271 quam
2525 3184 2938 3274 Apollonius

696 3286 1095 3369 narraverit,
1148 3284 1316 3373 quid
1367 3284 1553 3352 aliud
1606 3287 2169 3379 respondeamuS,
2242 3310 2447 3376 quam
2510 3287 2936 3378 displicuisse

698 3388 762 3457 ei
803 3389 1109 3480 ineptum
1148 3388 1289 3457 hoc
1332 3399 1826 3474 commentum,
1880 3411 2016 3480 quo
2058 3395 2527 3483 Argonautae,
2592 3401 2733 3458 tam
2773 3390 2935 3457 lon-

694 3515 866 3584 gum
922 3500 989 3559 et
1042 3492 1498 3581 periculosum
1547 3492 1673 3560 iter
1722 3493 2068 3561 molientes
2089 3542 2110 3580 ,
2196 3516 2332 3561 non
2384 3505 2569 3563 recte
2639 3515 2931 3563 ancorae

692 3596 1116 3689 prospexisse
1161 3594 1586 3663 dicerentur?

901 3767 1255 3836 Secundus
1288 3764 1558 3858 Orphei
1601 3765 1793 3835 locus
1811 3815 1831 3850 ,
1884 3790 2021 3855 quo
2049 3766 2629 3861 Koenigsmannus
2660 3775 2928 3835 senten-

692 3870 854 3940 tiam
885 3881 1074 3939 suam'
1100 3872 1273 3938 tueri
1305 3870 1559 3956 studet,
1609 3869 1731 3938 hic
1764 3879 1861 3937 est
1890 3893 1953 3937 v.
1989 3866 2161 3939 859.

1523 4004 1794 4126 Φρίξου
1822 4013 2025 4091 παῖς,
2059 4034 2163 4078 ον
2197 4012 2269 4080 οἱ
2310 4008 2588 4080 ἔτικτεν

897 4102 1318 4238 Χαλκιόπη·
1362 4109 1469 4204 τςὸ
1517 4137 1656 4205 γαρ
1704 4111 2146 4203 παρελέξατο
2184 4105 2457 4205 πατρός
2499 4115 2573 4182 ἐν
2615 4110 2811 4205 οἴκω,

896 4209 1085 4308 ηνίχ’
1141 4210 1322 4309 ὑπὲρ
1379 4240 1623 4286 νωτων
1664 4214 1877 4311 κριοῦ
1918 4206 2282 4304 Κόλχοισι
2329 4207 2696 4309 πελάσθη·

599 4355 765 4418 12et
788 4370 949 4419 mox
989 4373 1052 4417 v.
1091 4347 1265 4419 869.

890 4482 1268 4585 τετραγύφ
1304 4488 1615 4581 θέμενος
1647 4480 1924 4586 σπόρον
1953 4484 2242 4576 αὔλακι,
2274 4478 2405 4558 τόν
2438 4482 2510 4583 ῤ’
2539 4477 2917 4579 ἐκόμισσεν
