3325 5317
882 447 1367 511 rflEsAvm
1424 405 2097 522 srrfflmmm„
2469 450 2600 514 233
2654 430 2660 434 “

356 631 435 692 ut
473 630 703 690 nostra
749 621 1027 712 quidem
1067 622 1301 715 opinio
1344 631 1478 707 est,
1546 644 1619 712 p.
1668 616 1791 689 65.
1894 620 2320 712 Stephanum
2361 644 2600 711 repre-

279 736 284 741 ’
354 725 758 810 henderunt,
809 728 1088 795 verbum
1123 723 1554 819 ἀγανακτεῖν
1607 724 1982 792 accusativo
2009 725 2202 815 iungi
2230 724 2600 792 dicentem:

353 852 566 919 quam
610 831 1170 898 constructionem
1211 829 1341 919 ipsi
1393 851 1522 920 per
1566 828 1835 920 ellipsin
1875 828 2246 918 particulae
2302 821 2427 899 ὃιοῖ
2481 851 2600 895 ex·-

352 935 636 1024 plicant.
732 934 1142 1001 Putabamus
1185 953 1348 1000 vero
1366 980 1387 1017 ,
1438 932 1516 998 iis
1535 979 1556 1016 ,
1621 955 1797 1021 quae
1839 931 1930 1000 de
1979 931 2199 1022 ellipsi
2239 931 2312 997 in
2351 928 2599 999 Museo
2728 971 2761 1002 ,-

280 1055 287 1061 ·
354 1036 730 1104 studiorum
764 1036 1167 1124 antiquitatis
1195 1035 1676 1126 disputavimus
1696 1088 1716 1125 ,
1770 1034 2039 1126 pridem
2083 1033 2404 1103 effectum
2436 1057 2602 1119 esse,

352 1149 432 1207 ut
473 1139 852 1207 istiusmodi
894 1140 1165 1231 ellipses
1200 1138 1448 1206 nemini
1493 1139 1756 1207 erudito
1804 1138 2090 1230 amplius
2122 1127 2603 1229 probarentur':

353 1264 579 1331 neque
623 1243 694 1310 in
741 1242 1107 1311 Germania
1152 1242 1429 1331 quidem
1471 1242 1820 1331 quisquam
1839 1289 1860 1326 ‚
1922 1250 2194 1332 praeter
2246 1242 2601 1330 quosdam,

355 1345 473 1435 qui
500 1347 572 1413 in
604 1347 964 1415 vetustiore
1011 1346 1364 1436 disciplina
1404 1354 1929 1435 consenuerunt,
1983 1344 2072 1413 de
2124 1344 2245 1411 tali
2282 1368 2357 1412 re
2402 1345 2604 1437 cogi-

351 1459 472 1517 tat.
525 1488 632 1500 —
695 1451 913 1517 Porro
968 1472 1105 1517 non
1156 1458 1300 1517 erat
1355 1449 1963 1540 praetereundum,
2041 1448 2367 1517 ultimam
2392 1451 2601 1539 sylla-

353 1552 517 1620 bam
573 1552 875 1620 adverbii
930 1551 1115 1644 ἄγαν
1162 1562 1400 1620 natura
1455 1554 1741 1645 longam
1766 1577 1775 1588 ²
1800 1575 1981 1637 esse,
2055 1560 2125 1619 et
2172 1553 2436 1643 saepius
2489 1576 2600 1620 er-

352 1679 534 1724 rasse
555 1655 749 1723 .viros
795 1656 1069 1740 doctoS,
1122 1680 1330 1746 quum
1361 1658 1640 1725 brevem
1674 1679 1814 1724 esse
1845 1656 2001 1741 rati,
2054 1655 2287 1723 addito
2322 1684 2402 1748 γε
2430 1678 2600 1746 pro-

353 1758 741 1827 ducendam
776 1766 1108 1829 curarunt.
1213 1759 1358 1829 Sed
1387 1753 1792 1831 recentiores
1827 1758 2193 1848 quosdam,
2248 1769 2323 1827 ut
2364 1759 2600 1827 Palla-

357 1861 520 1930 dam
558 1863 778 1954 epigr.
824 1861 997 1930 124.
1047 1872 1116 1930 et
1158 1861 1533 1954 Agathiam
1582 1863 1800 1954 epigr.
1855 1860 1926 1930 4.
1991 1862 2391 1953 corripuisse
2449 1886 2602 1930 eam

354 1965 710 2056 syllabam.
771 2005 877 2020 —
927 1966 1103 2035 Cum
1145 1966 1282 2034 hac
1312 1968 1774 2036 observatione
1811 1975 2034 2034 autem
2072 1965 2602 2035 coniunctissima

346 2078 498 2137 erat
543 2069 676 2135 alia
694 2117 715 2154 ,
765 2091 971 2157 quam
1011 2070 1230 2159 ipsam
1276 2091 1551 2159 quoque
1594 2093 1802 2160 aegre
1849 2069 2126 2137 ferimus
2171 2069 2602 2159 praetermis-
2700 2092 2709 2098 ’

352 2195 497 2240 sam
525 2195 683 2239 esse.
786 2172 965 2239 Nam
1006 2195 1229 2260 neque
1275 2173 1492 2263 epici,
1539 2195 1762 2261 neque
1798 2172 1995 2241 lones
2022 2172 2144 2239 illo
2175 2171 2360 2265 ἄγαν
2396 2182 2600 2240 utun-

355 2283 501 2360 tur,
554 2296 694 2363 quo
722 2275 777 2341 si
802 2285 1018 2343 essent
1045 2276 1184 2362 nsi,
1228 2296 1368 2342 non
1398 2274 1623 2369 ἄγαν,
1676 2276 1797 2344 sed
1826 2274 2008 2371 ἄγην
2052 2276 2280 2343 dicere
2322 2275 2601 2343 debuis-

352 2386 520 2445 sent.
624 2377 721 2444 Hi
762 2379 971 2469 igitur
1010 2400 1141 2470 pro
1191 2400 1278 2445 eo
1321 2377 1475 2476 λίην
1520 2388 1872 2471 usurpant,
1926 2377 2111 2471 ἄγαν
2152 2380 2602 2467 relinquentes

352 2480 794 2549 Doriensibus
852 2491 920 2551 et
981 2483 1242 2551 Atticis.
1309 2522 1417 2533 --
1516 2483 1665 2552 Nec
1713 2482 2004 2570 denique
2045 2503 2184 2549 non
2242 2478 2602 2572 acceptum

353 2583 619 2670 fuisset,
672 2584 727 2651 si
753 2584 843 2650 de
875 2584 1289 2670 differentia,
1343 2607 1520 2675 quae
1572 2594 1671 2654 est
1698 2587 1870 2653 inter
1900 2583 2085 2677 ἄγαν
2116 2594 2186 2654 et
2213 2578 2500 2682 σφόδρα
2531 2594 2602 2654 et

352 2680 594 2780 μάλα,
644 2686 902 2775 aliquid
948 2688 1276 2757 adnotare
1309 2676 1717 2757 Edit‘oribus‘
1734 2689 2115 2780 placuisset.
2217 2690 2401 2757 Nam·
2436 2687 2600 2762 λίαν

356 2789 639 2879 quidem
700 2799 766 2857 et
814 2789 1000 2881 ἄγαν
1050 2795 1253 2885 plane
1318 2792 1629 2861 eamdem
1671 2793 1809 2859 vim
1866 2791 2156 2872 habent3
2231 2792 2354 2860 illa
2412 2814 2600 2877 vero,

358 2885 646 2987 σφόδρα
681 2902 750 2960 et
767 2888 971 2985 -μᾶλα
990 2949 1017 2982 ,
1077 2905 1145 2963 et
1190 2897 1278 2964 ab
1320 2895 1427 2962 his
1446 2946 1467 2982 ,
1521 2905 1590 2964 et
1616 2897 1786 2964 inter
1817 2919 1889 2963 se
1916 2895 2259 2964 differunt.
2363 2896 2604 2964 Solent

357 3004 584 3064 autem
605 2995 1014 3065 'huiusmodi
1055 3021 1432 3089 synonyma
1482 3000 1678 3067 nimis
1714 2999 2146 3091 negligenter
2185 2998 2427 3067 haberi
2443 3047 2463 3083 ‚
2531 2999 2601 3066 in

355 3120 648 3189 quorum
678 3101 861 3168 varia
884 3101 1220 3193 potestate
1250 3101 1666 3171 admirabilis
1707 3104 1998 3173 cernitur
2025 3103 2380 3195 elegantia.
2460 3103 2600 3189 Sic,

354 3212 432 3271 ut
466 3203 725 3292 aliquid
753 3204 989 3272 saltem
1022 3205 1414 3291 afferamu3‚
1462 3200 1666 3297 μα’λα
1715 3230 1989 3299 prorsus
2016 3206 2384 3299 respondet
2417 3206 2602 3276 Ger-

354 3308 626 3376 manico
672 3329 863 3400 gar.-
934 3308 1118 3379 unde
1171 3308 1344 3377 illud
1404 3311 1723 3392 usitatum
1775 3304 1959 3402 μάλ’
2009 3307 2228 3392 αὖθις
2280 3311 2606 3402 explicari

353 3418 620 3502 potest,
674 3414 1031 3502 omnisque
1070 3414 1367 3503 reliquus
1412 3411 1613 3482 huius
1658 3413 1965 3483 adverbii
2003 3437 2182 3483 usus:
2232 3414 2350 3503 qui
2389 3436 2600 3502 quum

356 3514 442 3581 sit
499 3514 1063 3602 frequentissimus
1126 3517 1312 3608 apud
1371 3518 1601 3607 epicos
1617 3546 1660 3604 ,r
1733 3518 1949 3585 multo
2010 3517 2409 3585 debiliorem
2463 3516 2600 3584 vim

357 3617 547 3707 apud
594 3617 725 3685 hos
755 3616 896 3689 hoc
924 3620 1322 3688 adverbium
1360 3619 1594 3704 habet,
1632 3643 1838 3710 quam
1882 3621 2072 3711 apud
2104 3622 2390 3704 Atticos,
2440 3619 2599 3687 lon-

355 3742 584 3811 geque
631 3720 891 3790 diversa
927 3732 1077 3790 sunt
1113 3724 1558 3792 Homericum
1605 3716 1807 3814 μᾶλα
1857 3725 2080 3815 μέγας
2092 3733 2121 3811 ,'
2193 3731 2262 3789 et
2311 3722 2600 3814 Sopho-

358 3823 588 3893 cleum
638 3824 816 3948 i'llud
868 3826 938 3894 in
984 3825 1163 3897 Oed.
1208 3826 1360 3897 Col.
1402 3851 1465 3895 v.
1512 3824 1737 3900 1462.
1784 3819 1986 3919 μα’λα
2034 3826 2287 3919 μέγας·
2313 3826 2575 3926 ἐρείπε-

356 3954 489 4000 ται
540 3953 831 4010 κτυπος.

560 4133 641 4202 In
690 4157 753 4202 v.
807 4129 1242 4230 ἄγαπᾶομαι
1308 4160 1382 4229 p.
1433 4134 1557 4205 78.
1608 4158 1820 4227 quum
1865 4116 1941 4205 id
1970 4135 2378 4229 Stephanus
2424 4162 2600 4209 non-

354 4258 727 4325 numquam
809 4243 1013 4307 etiam
1095 4240 1185 4307 de
1263 4263 1495 4309 amore
1575 4262 1867 4310 venereo
1931 4240 2069 4311 dici
2128 4243 2598 4332 contendisset,

324 4363 328 4367 ·
361 4342 691 4433 exemplis
742 4344 831 4411 ab
886 4366 971 4410 eo
1017 4343 1231 4412 citatis
1274 4342 1683 4413 addiderunt
1738 4345 2058 4415 Editores
2100 4345 2288 4415 aliud
2328 4368 2412 4415 ex
2453 4347 2600 4412 Lu-

297 4473 302 4486 ·
362 4445 559 4514 ciano
575 4494 598 4533 ‚
638 4455 735 4532 *et
777 4446 1244 4522 auctoritatem
1295 4448 1614 4520 Pollucis.
1735 4451 1831 4519 At
1899 4450 2312 4520 monendum
2369 4448 2631 4541 'potius-
2714 4433 2739 4485 Ψ
