3325 5317
757 448 889 513 804
1303 438 1423 501 DE
1475 438 1761 502 MVSIS
1820 436 2466 505 FLVVIALlssv-s·

759 612 1292 791 ἱέἴῗέέῗέὲ*
1328 613 1838 785 ΤΞῙῌᾏΓ
1853 605 2167 785 11:3²1ng
2182 613 2464 785 ιιέζω
2495 613 2758 788 ·““”ἷὲ
2786 617 3010 788 ³¹¹5?

914 744 1000 789 ne
1225 739 1301 784 us
2148 740 2190 784 a
2391 767 2413 803 ‚
2463 741 2518 786 ει
2558 742 2675 788 rec
2784 743 2855 787 m
2921 744 2994 789 ι·-

758 832 1107 917 pretamur
1145 818 1417 888 Eumeli
1458 820 1767 889 fabulam
1780 867 1801 905 ,
1867 828 2220 904 torrentes,
2283 822 2402 912 qui
2442 822 2806 910 liquefacta
2843 826 2995 893 nive
3053 840 3060 847 “

757 926 1069 997 tortuosis
1133 923 1416 1007 flexibus
1460 946 1590 1016 per
1635 923 1925 992 declivia
1975 921 2298 1005 feruntur.
2421 926 2535 994 Ab
2585 926 2822 994 iisdem
2865 929 2994 995 fle-

763 1033 954 1100 xibus
981 1028 1184 1098 etiam
1228 1027 1467 1095 fluvius
1503 1026 1869 1119 cephissus
1899 1024 2116 1095 dictus
2149 1036 2283 1112 est,
2337 1028 2427 1096 de
2456 1050 2593 1120 quo
2635 1030 2732 1098 sic
2765 1032 2998 1100 scribit

673 1135 1014 1206 17Strabo
1068 1127 2475 1222 1Χ.Ρ.649.(424.)ικαιΉσίοδος
2540 1129 2613 1205 δ
2658 1136 2995 1207 ἐπιπλέοι*

762 1237 926 1334 περὶ
975 1233 1115 1309 τοῦ
1162 1233 1508 1324 ποταμοῦ
1556 1234 1746 1325 λέγει
1792 1229 1910 1303 καὶ
1954 1232 2082 1327 τῆς
2138 1224 2442 1330 ῥύσεως,
2524 1262 2616 1316 ως
2664 1231 2771 1309 δι
2834 1234 2996 1334 ὅλης

764 1343 921 1439 ῥέοι
963 1328 1090 1429 τῆς
1121 1334 1438 1418 Φωκίδος
1480 1335 1775 1416 anamma
1823 1333 1943 1406 καὶ
1980 1336 2579 1431 δρακοντοειδῶς·

1158 1591 1256 1674 ,ὃς
1289 1585 1490 1686 napo?
1535 1586 1924 1664 Πανοπίδα
1964 1583 2311 1686 Γλήκωνοῖ
2356 1587 2435 1665 τ’
2475 1592 2811 1689 ἐρυμνήν,

914 1693 1040 1771 καί
1074 1723 1157 1770 τε
1191 1696 1270 1787 *)
1318 1691 1419 1767 δι’
1458 1691 1915 1792 Ὀρχομενοῦ
1946 1696 2339 1788 εἱλιγμένος
2386 1691 2527 1769 εἶσι
2575 1690 2855 1793 δράκων
2885 1695 2996 1779 ὥς.

765 1955 1003 2039 Altera
1027 1950 1252 2036 Musa,
1301 1959 1377 2018 ιιι
1400 1950 1827 2035 coniecimus,
1875 1945 2218 2040 Αχελωῒς
2239 1951 2583 2041 appellata
2616 1950 2760 2039 fuit,
2810 1951 3001 2040 quod

767 2080 1016 2127 nomen
1047 2065 1413 2147 cognatum
1442 2065 1539 2122 est
1563 2076 1721 2123 cum
1752 2054 2099 2122 vocabulis
2128 2056 2329 2142 χέλυς
2358 2063 2427 2122 ει
2469 2049 2779 2150 χελώνηε
2826 2076 3002 2144 quae

765 2183 978 2251 quum
1008 2169 1248 2228 testam
1282 2158 1692 2250 significent,
1742 2157 2026 2226 indicari
2058 2158 2176 2225 illo
2207 2159 2480 2226 nomine
2516 2157 2784 2226 videtur
2824 2181 3001 2248 aqua

765 2266 961 2348 viva,
1010 2286 1186 2353 quae
1229 2261 1308 2329 fit
1348 2262 1567 2328 soluto
1610 2261 1909 2351 tegmine
1954 2261 2220 2351 glaciei.
2320 2263 2550 2349 Atque
2595 2261 2758 2329 hinc
2796 2262 3001 2330 intel-

767 2369 1001 2461 ligitur
1046 2366 1277 2449 etiam,
1331 2364 1447 2453 qui
1484 2364 1739 2433 factum
1781 2364 1899 2448 sit,
1948 2372 2026 2431 ut
2069 2359 2425 2458 Ἀχελῷος
2461 2363 2651 2454 apud
2698 2364 3004 2434 Graecos
3093 2360 3100 2369 ’

769 2470 858 2541 de
893 2471 1075 2539 omni
1117 2469 1475 2536 fluviorum
1510 2475 1580 2535 et
1626 2467 1915 2535 fontium
1964 2489 2141 2556 aqua
2185 2466 2322 2535 diei
2367 2468 2611 2536 soleat:
2674 2469 2859 2537 cuius
2904 2469 3001 2537 rei

768 2576 887 2665 qui
931 2574 1113 2642 hanc
1155 2573 1482 2640 rationem
1518 2570 1845 2655 reddunt,
1911 2569 2101 2659 quod
2159 2580 2310 2638 ante
2354 2571 2518 2638 alios
2564 2570 2837 2663 insignis
2881 2571 3001 2647 hic

769 2678 1006 2746 fluvius
1046 2677 1131 2743 sit
1148 2723 1170 2760 ,
1237 2675 1368 2765 ipsi
1407 2673 1744 2742 fateantur
1778 2696 2051 2742 necesse
2091 2682 2191 2742 est
2205 2724 2225 2761 ,
2293 2683 2496 2764 aptae
2541 2676 3002 2764 explicationis

771 2779 1245 2870 desperatione
1292 2779 1432 2846 hoc
1483 2786 1943 2846 commentum
1982 2778 2110 2845 'sibi
2143 2786 2490 2847 ‘extortum
2534 2800 2693 2845 esse.
2796 2778 3003 2845 Multi

771 2884 951 2952 enim
1011 2891 1160 2950 sunt
1214 2881 1329 2948 alii
1387 2882 1600 2973 longe
1649 2882 1937 2950 maiores
1993 2890 2198 2970 atque
2243 2881 2632 2971 illustriores
2678 2882 2896 2968 fluvii,
2963 2905 3003 2949 a

769 2987 1015 3076 quibus
1069 3008 1279 3074 aqua,
1341 2985 1396 3051 si
1442 2985 1711 3053 claritas
1752 2985 2107 3052 fluviorum
2153 2984 2574 3076 respicienda
2616 2994 2825 3069 esset,
2875 3008 3003 3076 ap-

770 3089 1017 3180 pellari
1045 3087 1387 3179 potuisset.
1420 3089 1584 3155 u-Et
1622 3088 1734 3156 vel
1773 3089 1869 3157 sic
1912 3087 2243 3156 eiusmodi
2278 3088 2650 3179 appellatio
2691 3110 2832 3155 non·
2873 3089 3002 3156 mi-

771 3214 896 3258 nus
924 3191 1156 3258 fuisset
1180 3190 1700 3280 inepta3·1quam
1730 3192 1785 3256 si
1824 3192 2001 3280 quis,
2052 3191 2240 3280 quod
2275 3191 2448 3258 inter
2481 3190 2789 3259 homines
2818 3192 3003 3259 Her-

774 3295 958 3365 cules
990 3291 1409 3385 excelluisset
1424 3340 1443 3376 ‚
1474 3293 1797 3380 ‘quemvis
1828 3293 2174 3363 hominem
2199 3294 2566 3363 Herculem
2606 3295 2834 3363 dicere
2857 3298 3002 3364 vel-

771 3398 888 3468 let.
991 3396 1298 3483 Denique
1336 3395 1534 3462 tertia
1575 3385 1779 3463 Musa
1815 3396 1868 3463 si
1910 3398 2367 3491 Βορυσθενὶς
2406 3398 2495 3464 ab
2535 3397 2832 3467 Eumelo
2877 3423 3001 3468 vo-

776 3511 926 3571 cata
968 3509 1067 3569 est
1083 3548 1104 3585 ‚
1158 3499 1265 3568 vix
1297 3502 1468 3590 puto
1514 3496 1803 3565 dubitari
1842 3520 2079 3590 posse,
2145 3502 2305 3590 quin
2344 3501 2460 3568 ille
2479 3548 2499 3585 ,
2551 3511 2626 3569 ιιι
2675 3503 3005 3592 impetum

775 3606 1101 3694 aquarum
1143 3625 1424 3694 magnas
1470 3598 1719 3694 glaciei
1781 3603 1997 3674 moles
2051 3625 2277 3672 secum
2335 3604 2779 3672 auferentium
2830 3608 3005 3675 indi-

774 3718 957 3775 caret
972 3757 991 3793 ,
1054 3707 1146 3775 ad
1197 3706 1775 3795 comparationem
1835 3707 2248 3796 reliquorum
2310 3705 2601 3775 duorum
2654 3709 2999 3778 nominum

774 3832 929 3876 eum
969 3810 1334 3899 respexerit
1371 3809 1646 3876 fluvium
1665 3859 1688 3895 ‚
1749 3810 1938 3878 cuius
1982 3804 2230 3878 nomen
2275 3808 2440 3879 huie
2478 3812 2576 3879 rei
2619 3810 3003 3903 signifian-

778 3910 910 3979 dae
956 3912 1736 3982 ‘accommodatissimum
1797 3911 2170 3999 videretur,
2250 3936 2457 4003 quum
2519 3913 2592 3981 id
2649 3937 2844 3984 more
2899 3940 3001 4002 eo,

865 4259 924 4348 ²0²)
967 4238 1102 4324 Non
1140 4265 1422 4332 debebam
1456 4276 1775 4339 admittere
1815 4277 1972 4339 hanc
2003 4281 2270 4341 virorum
2316 4281 2636 4341 doctorum
2681 4278 3009 4340 correctio-

779 4364 934 4414 nem.
999 4351 1245 4411 Rectius
1277 4359 1441 4434 apud
1478 4363 1829 4459 Strabonem
1861 4367 2085 4446 legitur
2115 4366 2219 4430 καὶ
2247 4365 2331 4431 δέ.
2399 4367 2778 4447 Quamquam
2810 4361 3005 4425 nescio
3267 4422 3268 4447 ¹

784 4455 861 4494 an
903 4443 1170 4515 praestet
1215 4431 1343 4519 ἥδέ.
1895 4490 1904 4497 J
3267 4450 3268 4535 ]
