3325 5317
933 441 1432 506 THESAVRI.
1475 441 2135 506 STEPHANIANI.
2185 432 2193 446 ⁸
2448 437 2455 446 ’
2517 447 2646 512 281

411 612 625 682 Nimis
668 622 737 682 et
771 613 997 682 Valde
1010 662 1032 698 ,
1101 624 1171 683 et
1203 626 1567 707 utramque
1608 615 1905 685 invenire
1964 616 2090 685 sibi
2147 615 2327 686 visus
2365 624 2537 688 esset
2578 616 2649 688 in

409 716 535 784 illo
576 738 771 785 versu
812 716 1108 809 Alphei,

719 898 807 944 το
867 872 1093 970 μηδὲν
1135 896 1276 969 γαρ
1329 869 1561 966 ἄγαν,
1627 870 1815 967 ἄγαν
1861 900 1960 968 με
2011 873 2289 972 ἕτέρπει,

394 1023 588 1093 -haec
628 1023 1017 1095 adiecerunt
1062 1024 1416 1095 Editores:
1466 1074 1510 1112 ‚‚
1525 1028 1621 1096 At
1660 1034 1896 1097 contra
1933 1027 2323 1098 Aristoteles
2361 1026 2651 1099 Rhetor.

407 1127 476 1195 ii.
523 1125 680 1197 n:
762 1125 914 1202 Οὐκ
978 1124 1271 1252 ἀρέσκει
1338 1130 1424 1202 δέ
1482 1155 1619 1223 μοι
1699 1122 1793 1202 τδ
1852 1124 2290 1224 λεγόμενον,
2387 1132 2651 1228 Μηδὲν

410 1228 631 1324 ἄγαν·
686 1233 802 1304 δεῖ
844 1223 985 1325 γοῖρ
1036 1224 1209 1312 τούς
1239 1259 1322 1326 γε
1366 1257 1625 1312 saxove
1660 1229 1848 1324 ἄγαν
1878 1238 2164 1355 μισεῖν;
2192 1233 2434 1325 Eurip.
2463 1235 2652 1327 Hip-

406 1334 554 1425 pol.
586 1331 760 1401 263.
868 1331 1085 1408 Οὕτω
1126 1327 1220 1406 τᾶ
1269 1337 1433 1407 λίαν
1461 1331 1684 1448 ἦσσρν
1716 1335 1992 1409 ἐπαινῶ
2022 1361 2159 1410 του
2132 1334 2485 1433 ’μηδέν’
2430 1365 2653 1430 αγαν,

407 1438 532 1510 καὶ
584 1430 1039 1533 ευμφήσουσι
1090 1435 1314 1530 σοφοί
1371 1464 1527 1530 μοι.
1599 1436 1965 1507 Pindarus
2030 1461 2142 1530 ap.
2207 1439 2383 1508 Plut.
2437 1436 2528 1509 T.
2576 1441 2647 1509 ii.

404 1562 481 1631 p.
530 1537 703 1607 116.
749 1539 836 1606 D.
862 1539 1274 1668 Hephaesta
1308 1539 1400 1609 (le
1440 1539 1684 1609 Mettis
1724 1565 1798 1634 Ρ.
1842 1540 1965 1610 91.
2009 1541 2118 1610 ed.
2170 1541 2385 1612 Gaisf.
2483 1548 2650 1616 Σο·-

307 1691 316 1698 1
408 1641 538 1737 φοὶ
610 1643 689 1715 δὲ
756 1641 879 1714 καὶ
941 1636 1036 1715 w*
1102 1643 1366 1762 μηδὲν.
1408 1640 1595 1735 ἄγαν
1666 1645 1836 1725 ἔπος
1903 1646 2207 1743 αἴνησαν
2272 1670 2653 1767 momume-

402 1744 722 1813 Palladas
766 1744 910 1818 lxii.
955 1746 1156 1815 Anal.
1215 1746 1370 1813 T.i
1372 1745 1621 1815 ..4211
1682 1746 1950 1844 Μηδὲν
2013 1745 2202 1842 ἄγαν
2263 1749 2410 1822 τῶν
2463 1754 2650 1822 enta

401 1842 1554 2044 ζξῗέἰέῐασεῗιῇωτιῗᾷοξιᾶιίπὲῐζ
1571 1849 2651 2027 asgaffimmNagugludezllmfinffln

401 2054 567 2123 dem
608 2055 753 2123 hoc
795 2054 1013 2142 velle,
1065 2077 1203 2123 non
1249 2055 1468 2146 magis
1516 2057 1589 2123 in
1630 1975 1892 2147 Alphei
1923 2080 2122 2127 versu
2157 1979 2652 2147 utramqueqin-

397 2158 615 2228 veniri
652 2156 852 2226 huius
897 2156 1205 2226 adverbii
1252 2157 1846 2249 significationem,
1909 2182 2116 2249 quam
2152 2163 2224 2229 in
2266 2160 2414 2246 his,
2476 2182 2650 2250 quos

399 2260 729 2345 afferunt,
781 2260 1070 2328 aliorum
1122 2260 1528 2352 scriptorum
1584 2260 1776 2331 locis.
1882 2261 2094 2348 Quod
2139 2265 2262 2333 etsi
2300 2272 2486 2333 recte
2533 2284 2651 2331 eos

401 2363 815 2435 contendere
888 2374 1207 2455 putamus
1223 2412 1244 2450 ‚
1309 2374 1550 2434 -tamen
1565 2413 1588 2452 ‚
1674 2365 1731 2435 si
1785 2362 1976 2459 ἄγαν
2024 2367 2239 2437 Nimis
2292 2367 2651 2459 significat,

398 2466 625 2565 μηδὲν
678 2464 863 2560 ἄγαν
905 2476 1133 2537 autem
1171 2468 1412 2538 Latine
1454 2476 1554 2538 est
1592 2470 1702 2536 Ne
1746 2468 1916 2557 quid
1963 2469 2191 2559 nimis,
2256 2469 2423 2560 quid
2462 2468 2650 2538 aliud

398 2592 876 2663 responsurum
917 2572 1335 2641 censebimus
1383 2572 1810 2663 Stephanum
1827 2597 1873 2657 ,·
1916 2583 2124 2662 quam
2159 2571 2335 2659 hoc‚·
2402 2574 2473 2641 in
2518 2573 2651 2648 illis

400 2697 677 2765 quoque
713 2675 1039 2766 exemplis
1097 2675 1326 2772 μηδὲν
1378 2672 1566 2767 ἄγαν
1625 2676 1735 2744 Ne
1778 2673 1948 2764 quid
1989 2676 2184 2746 nimis
2237 2676 2639 2769 significare,
2654 2691 2739 2753 11

400 2789 471 2847 et
513 2768 1174 2870 apud-Aristotelem
1216 2776 1531 2869 quidem,
1600 2777 1849 2848 eodem
1888 2780 2102 2849 modo
2156 2790 2232 2849 ut
2282 2780 2470 2873 apud
2517 2780 2650 2850 Al-

397 2880 661 2976 pheum
677 2930 699 2968 ‚
767 2891 1050 2973 utraque
1106 2882 1599 2974 significatione
1656 2882 1955 2973 positum
2011 2907 2157 2953 esse
2203 2882 2410 2978 ἄγαν.
2539 2883 2650 2952 Ex

397 3008 537 3076 quo
567 2994 891 3078 apparet,
944 2987 1078 3055 alio
1111 2986 1323 3054 modo
1366 2986 1798 3055 refutandum
1826 2985 2031 3056 fuisse
2068 2986 2530 3080 Stephanum:
2581 2995 2650 3056 et

247 3093 262 3100 “
378 3089 471 3158 id
530 3092 757 3182 ipsum
820 3091 1051 3159 facere
1117 3090 1462 3159 debebant
1485 3167 1488 3174 ,
1513 3091 1853 3160 Editores.
1955 3092 2133 3159 Nam
2197 3091 2447 3159 falsum
2523 3099 2646 3178 est,

399 3191 587 3286 ἄγαν
616 3215 759 3262 esse
789 3193 1040 3279 Nimis,
1092 3196 1150 3263 si
1191 3194 1470 3284 quidem
1509 3192 1652 3264 hoc
1681 3193 1896 3262 Nimis
1932 3194 2269 3286 significat
2288 3194 2402 3279 id,
2454 3192 2646 3282 quod

395 3297 571 3364 iusto
616 3298 830 3367 maius
873 3306 991 3371 est.
1094 3298 1366 3367 Etenim
1418 3321 1639 3387 neque
1685 3297 1937 3368 Graeci
1983 3321 2207 3387 neque
2250 3298 2476 3366 Latini
2514 3295 2647 3364 ha-
2789 3319 2792 3324 ·

393 3399 589 3486 bent,
641 3422 782 3490 quo
830 3401 972 3468 sine
1011 3402 1608 3472 circumlocutione
1643 3399 1720 3469 id
1737 3449 1759 3488 ‚
1810 3401 2002 3492 quod
2035 3401 2321 3471 modum
2353 3398 2644 3482 excedit,

395 3504 807 3595 exprimant:
862 3528 1039 3593 quae
1090 3506 1563 3597 praerogativa
1610 3514 1710 3573 est
1750 3506 2196 3577 recentiorum
2237 3505 2642 3595 linguarum.

392 3605 633 3698 Itaque
673 3609 1065 3676 necessitate
1095 3617 1433 3700 coguntur
1461 3610 1755 3701 positivo
1786 3611 1898 3677 vel
1929 3607 2389 3699 comparativo
2417 3603 2643 3697 gradu

389 3711 530 3796 uti,
614 3712 734 3779 ubi
776 3732 1117 3780 excessum
1160 3712 1543 3803 significare
1603 3711 1869 3797 volunt,
1950 3720 2019 3779 et
2058 3708 2642 3799 quemadmodum

391 3809 587 3912 ὕδωρ
619 3808 902 3910 ψυχρόν
942 3811 1127 3887 ὥστε
1157 3809 1611 3894 λούσασθαι,
1663 3837 1913 3902 aquam
1934 3814 2383 3908 frigidiorem,
2433 3835 2641 3902 quam

392 3939 531 4006 qua
568 3919 719 4008 quis
757 3920 1055 4003 lavetur,
1122 3918 1388 4003 dicunt,
1449 3920 1543 3987 ita
1586 3918 1792 3986 etiam
1847 3915 2032 4010 ἄγαν
2081 3926 2149 3986 et
2192 3917 2393 4002 λίαν,
2462 3940 2642 4007 quae

249 4009 254 4026 ’
391 4021 567 4090 nihil
606 4022 729 4089 nisi
770 4021 995 4090 Valde
1035 4021 1454 4115 significant‚·
1491 4021 1607 4090 ·de
1651 4044 1776 4106 eo,
1844 4021 2036 4109 quod
2093 4043 2300 4112 supra
2352 4021 2640 4090 modum

392 4136 524 4210 est,
575 4148 902 4217 usurpare
943 4126 1177 4194 solent.
1240 4126 1388 4197 Nec
1417 4126 1671 4214 Latina,
1704 4125 1922 4193 Nimis
1967 4135 2036 4193 et
2078 4125 2331 4193 Parum
2354 4124 2639 4215 proprie

391 4230 578 4297 aliud
608 4239 790 4315 sunt,
841 4251 1046 4318 quam
1090 4229 1313 4297 Valde
1354 4240 1423 4298 et
1451 4230 1801 4299 Paullum:
1849 4229 1976 4299 nisi
2008 4229 2197 4319 quod
2239 4229 2451 4298 Nimis
2490 4228 2639 4295 fere

390 4331 460 4400 in
484 4334 754 4427 vulgari
788 4354 1094 4402 sermone
1121 4335 1412 4424 primam
1440 4334 2003 4427 significationem
2029 4335 2323 4418 retinuit,
2342 4341 2351 4352 '
2367 4332 2455 4398 in·
2476 4353 2633 4397 ora-

392 4437 576 4509 tione
619 4437 904 4510 cultiore
950 4446 1179 4507 autem
1215 4437 1308 4508 de
1354 4460 1439 4514 eo
1454 4485 1479 4525 ‚
1527 4438 1721 4530 quod
1758 4440 1934 4509 iusto
1978 4438 2194 4509 maius
2234 4443 2406 4508 eaeet
2420 4481 2443 4521 ,
2478 4432 2633 4508 *dici
