3325 5317
642 398 651 407 ’
720 439 851 502 840
1065 431 1439 495 omno
1495 432 1593 494 m
1646 432 2142 497 rn1nna1c1
2198 433 2619 500 Avcvsrx

721 610 921 701 plura
942 617 1094 679 sunt
1108 658 1130 693 ‚
1181 632 1355 698 quae
1388 608 1518 677 hos
1551 607 1640 675 ad
1669 605 1967 696 quamvis
1999 608 2198 676 aliam
2231 608 2478 700 potius,
2527 631 2732 699 quam
2759 605 2953 678 hanc
3075 672 3082 681 .

722 713 999 781 laudem
1032 712 1645 804 concupiscendam
1673 711 1966 779 invitent.
2069 711 2510 782 Considerate
2545 713 2724 780 enim
2763 710 2950 781 hanc

723 839 995 884 omnem
1020 816 1349 908 regnandi
1391 813 1903 906 imperandique
1946 815 2305 901 rationem,
2329 850 2336 857 ⁷
2356 838 2562 906 quam
2602 838 2684 882 ea
2728 813 2992 895 hodie’,

722 920 805 987 sit
836 920 968 988 alia
984 967 1005 1004 ‚
1075 929 1276 1009 atque
1322 918 1605 1008 antiquis
1649 914 2067 1009 temporibus
2121 919 2264 986 fuit.
2382 919 2584 988 Tunc
2620 918 2835 986 robur
2874 929 2947 985 et

719 1022 1045 1092 fortitudo
1072 1022 1369 1091 faciebat
1390 1045 1591 1114 reges
1606 1069 1627 1106 ‚
1652 1080 1661 1089 .
1682 1042 1979 1109 quorum
1994 1021 2300 1090 officium
2326 1021 2397 1089 in
2443 1044 2532 1090 eo
2561 1030 2732 1090 erat·
2750 1022 2944 1112 posi-

704 1138 863 1194 tum
881 1174 902 1210 ,
953 1133 1029 1193 ut
1068 1125 1276 1195 duces
1303 1125 1469 1193 belli
1512 1135 1760 1215 essent,
1812 1125 2225 1213 caeterisque
2260 1127 2647 1217 exemplum
2691 1123 2948 1191 virtutis

717 1228 1093 1320 praeirent..
1174 1228 1539 1297 Fortitudo
1588 1250 1802 1317 quum
1850 1235 1919 1296 et
1976 1228 2434 1298 auctoritatem
2484 1237 2553 1297 et
2596 1249 2762 1318 opes
2806 1250 2942 1318 pe-

715 1332 1024 1424 perisset,
1075 1332 1235 1400 iuris
1264 1332 1539 1401 dicundi
1568 1340 1637 1399 et
1662 1331 1912 1399 tributa
1945 1330 2321 1423 imperandi
2364 1340 2660 1424 potestas
2709 1352 2942 1399 acces·-

717 1437 818 1503 sit.
922 1436 1107 1504 Hinc
1126 1436 1252 1504 filii
1276 1430 1562 1527 regum,
1603 1435 1808 1503 victu-
1823 1434 2110 1503 lautiore
2155 1436 2286 1520 usi,
2335 1445 2535 1524 atque
2579 1458 2622 1501 a
2652 1432 2966 1523 pueritia„

715 1539 914 1608 armis
942 1539 1302 1607 tractandis
1333 1536 1625 1625 adsueti,
1678 1537 1885 1606 facile
1908 1537 2040 1628 ipsi
2070 1548 2378 1627 qnoque,
2430 1547 2505 1606 ut
2532 1546 2762 1628 patres
2812 1555 2937 1626 eo-

713 1664 896 1730 rum,
967 1664 1176 1731 quum
1196 1642 1522 1730 corporis
1567 1641 1818 1708 viribus
1863 1662 1946 1709 ac
1984 1642 2376 1710 fortitudine
2392 1692 2414 1729 ‚
2461 1642 2617 1709 'tum
2645 1638 2937 1707 ‚omnino

710 1744 967 1811 maiore
998 1743 1302 1833 quodam
1330 1744 1518 1812 cultu
1554 1765 1758 1833 supra
1798 1743 2042 1835 vulgus
2085 1745 2482 1812 eminebant.
2582 1743 2689 1812 lta
2727 1740 2935 1809 here-

709 1846 950 1914 ditaria
979 1846 1160 1916 facta
1191 1845 1478 1939 dignitas
1517 1845 1709 1938 regia
1723 1894 1745 1931 ‚
1797 1847 2122 1934 quamdiu
2169 1847 2499 1915 fortitudo
2538 1845 2763 1937 prima
2798 1845 2939 1912 vir·-

707 1958 929 2018 tutum
961 1949 1340 2019 habebatur
1357 1998 1377 2034 ‚
1427 1949 1745 2019 tuebatur
1772 1959 1955 2020 certe
1982 1973 2195 2043 regna
2210 1999 2231 2036 ‚
2281 1959 2393 2039 ut,
2440 1949 2496 2017 si
2529 1971 2667 2018 non
2704 1972 2749 2016 a
2782 1970 2933 2017 ma-

704 2052 959 2122 ioribus
998 2061 1281 2145 accepta
1306 2053 1581 2125 fuissent
1595 2105 1616 2141 ‚
1665 2060 1853 2123 recte
1875 2063 2104 2122 tamen
2130 2054 2335 2122 tribui
2363 2053 2490 2139 his,
2542 2054 2662 2142 qui
2693 2074 2777 2120 ea
2802 2050 2934 2120 ha-

703 2156 955 2225 bebant
970 2205 993 2244 ,
1043 2157 1340 2248 potuisse
1366 2156 1769 2225 viderentur.
1871 2155 2156 2226 Mutatis
2191 2178 2354 2226 vero
2383 2156 2740 2248 paullatim
2775 2176 2931 2223 mo-.

703 2259 888 2328 ribus
903 2308 924 2345 ‚
989 2281 1202 2351 quum
1261 2260 1466 2329 animi
1512 2260 1999 2351 intelligentiae
2043 2261 2438 2352 ingeniique.
2485 2258 2935 2350 praestandae

702 2363 940 2449 maior,
988 2374 1195 2454 quam
1229 2386 1548 2433 manuum
1575 2364 1840 2431 roboris
1870 2361 2092 2431 honos
2119 2386 2264 2432 esse
2293 2364 2648 2454 coepisset,
2698 2360 2932 2429 erudi-

571 2478 576 2489 '
699 2467 935 2556 tioque
978 2469 1050 2536 in
1088 2489 1365 2536 omnem
1408 2468 1747 2559 populum
1805 2465 2295 2535 diffunderetur
2308 2513 2330 2553 ‚
2385 2465 2671 2534 emolliri
2709 2465 2933 2555 magis

699 2571 1055 2660 magisque
1085 2580 1288 2659 atque
1315 2568 1617 2640 enervari
1644 2592 1876 2662 regesi,
1916 2570 2215 2661 populus
2242 2574 2476 2637 autem
2501 2567 2930 2638 corroborari
2963 2604 2968 2611 ·
3085 2606 3091 2613 -

701 2679 770 2738 et
797 2672 1066 2741 altiores
1094 2675 1360 2765 spiritus
1387 2695 1673 2758 sumere,
1718 2674 2228 2762 discrimenque,
2279 2673 2470 2762 quod
2500 2674 2673 2740 inter
2698 2678 2931 2738 utros—-

694 2796 833 2862 que
878 2773 1101 2844 fuerat
1116 2821 1138 2862 ‚
1180 2774 1436 2845 »sensim
1482 2776 1694 2844 deleri
1711 2828 1730 2864 ‚
1774 2798 1866 2854 ,ac
1907 2787 2256 2869 postremo
2307 2796 2812 2864 nonnumquam
2854 2773 2928 2841 in

697 2878 1103 2946 contrarium
1138 2880 1330 2949 verti.
1432 2878 1832 2948 Accedebat
1847 2928 1868 2964 ,
1934 2880 2128 2970 quod
2173 2900 2352 2969 quae
2396 2878 2954 2970 simplicissimae·

641 2980 869 3060 g-olim
897 2981 1164 3051 fuerant
1191 3000 1417 3050 rerum
1465 2988 1534 3057 et
1566 2983 2007 3072 publicarum
2044 2993 2111 3052 et
2151 2984 2580 3074 privatarum.
2610 2981 2926 3066 rationes,

697 3084 916 3174 magis
950 3086 1304 3175 magisque
1336 3081 1670 3174 implicari
1710 3096 1778 3152 et
1805 3086 2096 3155 intricari
2135 3096 2420 3177 coeptae
2448 3095 2634 3171 sunt,
2664 3088 2760 3153 'ut
2784 3083 2923 3152 iam

696 3206 835 3252 non
860 3186 949 3252 ab
975 3207 1113 3253 une
1137 3227 1159 3270 9
1210 3186 1403 3255 seda
1431 3185 1696 3270 multis,
1751 3209 1887 3254 non
1918 3210 2119 3257 manu
2151 3190 2574 3281 imperantiS,
2625 3188 2748 3256 sed
2769 3209 2923 3277 per

689 3288 859 3356 alios
876 3337 897 3373 ,
948 3309 1240 3357 nonore
1256 3333 1278 3374 5
1328 3288 1451 3356 sed
1492 3289 1762 3380 scripto,
1795 3301 2296 3382 peragerentur*
2398 3292 2603 3360 Vnde
2640 3289 2920 3382 regibus
2955 3316 2962 3327 ·

685 3391 966 3460 iubendi
1006 3393 1547 3484 praerogativa„
1574 3410 1805 3458 rerum
1870 3395 2171 3465 omnium
2214 3394 2533 3466 facillima
2556 3442 2578 3479 ‚
2598 3448 2608 3456 ,η
2642 3394 2922 3462 mansit:
2968 3388 2982 3399 ’

687 3519 825 3585 qua
842 3544 862 3580 ,
900 3495 1156 3586 ,quibus
1178 3495 1578 3587 generosior
1601 3494 1868 3563 indoles
1911 3508 2010 3566 est
2026 3545 2048 3582 ‚
2097 3500 2360 3592 gloriae
2405 3498 2772 3589 cupiditate
2811 3496 2921 3563 in-
2981 3538 2988 3547 ,

691 3600 871 3666 censi
889 3647 911 3683 ‚
962 3599 1109 3667 fere
1137 3600 1226 3666 ad
1264 3600 1448 3667 bella
1480 3598 1785 3692 gerenda
1832 3610 2137 3691 utuntur,
2207 3611 2284 3671 ut
2315 3601 2608 3670 victoriis
2656 3601 2919 3671 scilicet

690 3700 952 3769 nobiles
983 3712 1099 3769 aut
1139 3705 1336 3795 regni
1380 3702 1623 3770 finibus
1661 3704 2024 3793 promotis',
2061 3704 2452 3773 'immortale
2506 3705 2634 3774 sibi
2657 3725 2956 3773 nomen«

691 3802 972 3890 pariant.
1077 3806 1273 3888 Quae
1315 3805 1463 3895 ipsa
1493 3805 1817 3873 facillima
1851 3803 2063 3874 hodie
2103 3806 2194 3874 ad
2228 3805 2741 3898 adipiscendum
2771 3808 2920 3875 laus

664 3910 826 3988 rest,
891 3904 946 3970 si
983 3905 1258 3995 quidem
1305 3907 1493 3996 quod
1529 3929 1649 3974 rex
1709 3908 1926 3997 iussit,
2009 3909 2123 3976 alii
2172 3920 2395 3979 autem
2446 3914 2915 3999 exsequuntur,

693 4003 993 4074 adulatio
1039 4009 1170 4099 ipsi
1209 4010 1529 4079 adscribit
1558 4011 1708 4108 regi
1723 4059 1744 4096 ‚
1798 4006 2180 4102 ducemque
2223 4021 2294 4082 et
2326 4015 2809 4104 imperatorem
2851 4023 2922 4081 et

693 4106 979 4175 heroem
1006 4120 1241 4194 vocat,
1292 4114 1646 4202 etiamqui
1685 4136 2027 4204 nunquam
2071 4117 2140 4182 iu
2179 4116 2324 4185 acie
2376 4118 2582 4191 fuerit
2623 4114 2930 4207 conspe?

695 4220 857 4279 ctus,
919 4209 1117 4280 Haec
1136 4212 1586 4307 belligerandi
1613 4218 1969 4310 cupiditas,
2016 4219 2184 4288 mire
2206 4220 2326 4286 illa
2351 4220 2588 4287 sollers
2618 4222 2689 4289 in
2718 4242 2917 4289 caus-

696 4314 780 4381 sis
840 4312 1203 4386 bellorum·
1253 4319 1712 4408 excogitandis
1728 4374 1748 4410 ,
1851 4321 2369 4412 iniuriarumque
2430 4304 2916 4414 turpitudinem

696 4414 1056 4505 praetextis
1098 4414 1409 4484 honestis
1427 4423 1836 4509 quibusdam
1876 4425 2253 4497 nominibus
2300 4424 2568 4498 callide*
2603 4427 2922 4496 diedma-
