3325 5317
685 485 772 551 52
856 481 970 543 DE
1022 478 1431 543 LEGIBVS
1475 476 2035 555 QVIBVSDAM
2090 476 2838 546 avBTlLloRIBVs

2100 647 2368 679 8²1⁸»

691 784 783 839 ως
812 760 883 830 εἰ
911 753 1160 829 ἄπασα
1178 754 1403 838 Ἴλιος
1431 750 1849 851 ὀφρυόεσσα
1889 782 2061 851 πυρι
2089 748 2443 847 σμύχοιτο
2477 750 2652 827 κατ’
2684 751 2917 852 ἄκρης.

691 859 829 931 od.
877 888 925 932 ι.
977 857 1148 927 313.
1193 853 1430 956 άῦτάρ
1476 860 1730 931 ἔπειτα
1776 857 1887 951 ἄψ
1925 854 2225 978 ἑπέθηχ
2226 911 2252 945 ι
2308 854 2400 939 ὦς
2436 859 2511 930 εἴ
2545 884 2631 930 τε
2680 857 2919 977 φαρέ-

687 989 825 1060 τρῃ
870 988 1039 1055 πωμ
1115 960 1425 1059 ἐπιθείη.
1476 989 1537 1034 κ.
1585 956 1761 1029 415.
1816 954 2067 1058 δόκησε
2113 956 2188 1033 δ
2232 958 2379 1056 ἄρα
2417 957 2643 1082 σφίσι
2682 952 2921 1051 θυμᾶς

688 1065 779 1145 ὠς
817 1066 1026 1190 ἔμεν,
1070 1091 1161 1144 ως
1199 1067 1270 1136 εἰ
1302 1059 1602 1160 πατρίδ’
1651 1062 1956 1137 ἱκοίατο.
2012 1063 2191 1135 419.
2247 1090 2337 1144 ως
2376 1055 2778 1186 ἐχάρημεν,
2832 1058 2922 1140 οἷς

689 1169 766 1242 εἴ
819 1194 866 1240 τ
949 1169 1048 1247 εἰς
1081 1160 1387 1262 Ἰθάκην
1451 1163 1931 1260 ἀφικοίμεθα.
2005 1192 2068 1263 ρ.
2130 1164 2302 1259 366.
2356 1158 2679 1239 πάντοσε
2727 1158 2919 1261 χεῖρ

690 1265 1005 1369 ορέγὼν,
1048 1291 1150 1349 ως
1211 1271 1282 1342 εἰ
1327 1296 1610 1358 πτωχος
1654 1263 1886 1343 πάλαι
1927 1269 2053 1363 εἴη.

891 1372 1169 1441 Possem
1209 1370 1330 1440 hic
1372 1372 1579 1439 finem
1622 1373 1871 1442 facere.
1988 1370 2133 1441 Sed
2179 1370 2431 1439 addam
2481 1377 2709 1437 tamen
2759 1368 2923 1437 alias

687 1475 1016 1564 quasdam
1060 1475 1554 1543 observationes
1594 1474 1685 1542 de
1721 1475 1942 1543 modis
1966 1473 2371 1544 verborum
2352 1495 2423 1542 m
2466 1473 2923 1564 comparatio-

688 1579 902 1647 nibus.
1016 1580 1123 1648 Ac
1161 1579 1385 1676 primo
1423 1576 1898 1662 Tlfierschius‚
1962 1577 2089 1652 ὅτε
2133 1600 2289 1649 cum
2331 1576 2691 1646 indicativo
2717 1599 2925 1667 prae-
3037 1611 3044 1616 ·

687 1681 886 1750 sentis
930 1682 1224 1751 construi
1262 1704 1516 1772 negans
1531 1730 1550 1765 ‚
1605 1682 1812 1750 etiam
1847 1703 1962 1750 eos
1989 1684 2181 1751 locos
2212 1681 2520 1765 tentavit,
2570 1679 2640 1747 in
2672 1681 2922 1769 quibus

684 1782 863 1853 haec
903 1783 1236 1875 particula
1270 1807 1409 1852 non
1449 1785 1901 1906 praecedente
1944 1812 2034 1866 ως
2074 1785 2144 1852 in
2177 1783 2833 1875 comparationibus
2812 1805 2921 1850 ιιι-
3023 1873 3030 1878 ·

674 1887 1006 1966 veniatur.
1108 1887 1191 1954 11.
1242 1892 1316 1979 β.
1365 1885 1539 1954 471.
1590 1882 1771 1982 ἠΰτε
1800 1882 2085 1980 μυιάων
2118 1882 2438 1962 ἀδινάων
2474 1888 2695 1960 ἔθνεα
2729 1891 2918 1959 πολ-

687 1983 821 2076 λά,
875 1997 964 2061 αἴ
984 2017 1083 2062 τε
1126 1983 1317 2062 κατά
1359 1984 1707 2082 σταθμον
1753 1985 2146 2114 ποιμνήϊον
2187 1984 2619 2088 ἠλάσκουσιν
2661 1986 2808 2085 ὥρῃ
2843 1994 2923 2062 ἐν

689 2092 1013 2189 εἰαρινῇ,
1066 2089 1194 2165 ὅτε
1217 2119 1300 2165 τε
1326 2087 1583 2186 γλάγος
1612 2091 1834 2187 ἄγγεα
1860 2086 2073 2167 δεύει.
2107 2120 2181 2165 π.
2208 2091 2380 2161 641.
2412 2120 2503 2173 ως
2535 2089 2662 2166 ὅτε
2686 2098 2919 2218 μυῖαι

695 2193 1013 2288 σταθμῷ
1038 2194 1144 2268 ἔνι
1171 2196 1541 2317 βρομέωσι
1571 2198 2040 2290 περιγλαγέας
2074 2190 2268 2269 κατά
2308 2199 2603 2283 πέλλας,
2657 2193 2804 2291 ω’ρῃ
2841 2198 2920 2267 ἐν

689 2297 1021 2394 εἰαρινῇ..
1089 2294 1217 2370 ὅτε
1264 2324 1349 2369 τε
1381 2291 1640 2391 γλάγος
1676 2297 1900 2391 ἄγγεα
1944 2292 2157 2372 δεύει.
2225 2297 2364 2369 od.
2408 2327 2470 2389 χ.
2491 2296 2687 2366 29.9
2754 2292 2922 2390 βόες

665 2425 780 2480 ,ως
825 2401 1203 2492 ἀγελαῖαι,
1253 2393 1385 2481 τοὶς
1406 2402 1546 2492 μέν
1577 2398 1651 2473 τ’
1695 2396 1939 2482 αἰόλος
1963 2397 2250 2526 οἶστρος
2277 2398 2721 2524 ἐφορμηθεὶς
2747 2392 2922 2474 ἐδό-

664 2527 939 2599 Κνησεν,
993 2527 1140 2598 ωρῃ
1193 2506 1271 2575 ἐν
1312 2503 1619 2599 εἰαρινῇ,
1678 2500 1805 2577 ὅτε
1847 2500 1925 2577 τ’
1967 2502 2220 2602 ἤματα
2257 2499 2507 2626 μακρά
2537 2505 2922 2578 πέλονταιε

687 2625 846 2673 cum
892 2625 1030 2694 qno
1068 2605 1229 2674 loco
1266 2604 1454 2674 hunc
1502 2616 1873 2698 comparat.
1918 2632 1982 2684 σ.
2033 2605 2205 2675 366.
2259 2610 2329 2680 εἰ
2375 2600 2514 2701 γάρ
2555 2606 2727 2679 νῶϊν
2772 2601 2922 2727 ἔρις

687 2706 931 2801 ἔργοιο
991 2705 1278 2798 γένοιτο
1336 2706 1484 2802 ὥρῃ
1538 2712 1616 2781 ἐν
1628 2710 2007 2831 εἰαρινῇ,
2057 2706 2185 2783 ὅτε
2239 2706 2315 2783 τ’
2374 2708 2626 2806 ἤματα
2669 2701 2921 2804 μακρά

685 2809 1054 2881 πέλονται.
1107 2808 1191 2875 11
1235 2834 1311 2880 π.
1369 2808 1542 2877 384.
1589 2838 1681 2890 ως
1738 2807 1811 2883 δ’
1858 2805 2007 2883 ὕπο
2040 2810 2350 2885 λαίλαπι
2393 2814 2593 2885 πᾶσα
2631 2809 2916 2908 κελαίνη

681 2909 998 3004 βέβριθε
1068 2903 1303 3001 χθων
1325 2908 1559 3029 ἤματ’
1621 2908 1958 3008 ὀπωρινῷ
1972 2969 2000 3003 ,
2080 2910 2208 2987 ὅτε
2251 2908 2714 3038 λαβρότατον
2767 2914 2919 3004 χέει

684 3009 875 3139 ὕδωρ
906 3004 1082 3093 Ζεύς
1101 3067 1130 3102 ,
1189 3010 1317 3087 ὅτε
1347 3005 1436 3110 δή
1487 3010 1564 3111 ῤ’
1610 3013 1949 3111 ἄνδρεσσι
1980 3010 2503 3145 κοτεσσάμενος
2527 3011 2914 3112 χαλεπήνῃ,

687 3121 760 3184 οὶ
754 3113 910 3244 βίῃ
942 3116 1050 3185 εἰν
1100 3111 1381 3240 ἀγορῇ
1378 3112 1663 3210 σκολιοῖς
1697 3117 1991 3237 κρίνωσι
2021 3121 2417 3213 θέμιστας,
2471 3125 2546 3194 ἐκ
2600 3120 2676 3193 δὲ
2718 3119 2916 3215 δίκην

682 3210 1036 3304 ἐλάσωσι,
1106 3219 1301 3291 θεῶν
1336 3199 1506 3292 οπιν
1551 3216 1683 3293 οὐκ
1725 3217 2116 3315 ἀλέγοντες.
2201 3223 2451 3298 Omisit
2489 3250 2551 3296 ν.
2598 3222 2770 3291 334.
2824 3245 2919 3302 ως

682 3313 757 3390 δ
800 3314 932 3392 ὅθ’
978 3313 1126 3393 ὕπο
1170 3323 1420 3414 λιγέων
1465 3318 1751 3415 ἀνέμων
1795 3325 2208 3421 σπέρχωσιν
2234 3325 2485 3401 ἄελλαι
2515 3325 2749 3422 ἤματι
2779 3324 2915 3417 19⁴5.-

681 3417 809 3493 ὅτε
842 3449 925 3496 τε
950 3422 1243 3521 πλείστη
1271 3417 1465 3505 κόνις
1487 3421 1684 3520 ἀμφὶ
1716 3422 2137 3518 κελεύθους,
2192 3436 2310 3501 οἵτ
2326 3428 2638 3523 ’ἄμυδις
2676 3426 2916 3546 κονίης

681 3519 1002 3622 μεγάλην
1053 3527 1341 3599 ἱστᾶσιν
1386 3523 1725 3627 ὀμίχλην,
1780 3530 2024 3616 credo,
2075 3531 2267 3621 quod
2310 3533 2512 3601 etiam
2538 3531 2917 3604 coniuncti-

587 3635 807 3698 15vus
853 3629 1267 3720 subintelligi
1305 3640 1554 3721 posset.
1654 3632 1979 3723 Neglexit
2019 3654 2097 3729 ψ.
2141 3630 2316 3702 598.
2370 3634 2460 3716 ὥς
2503 3637 2577 3708 εἴ
2615 3663 2699 3718 τε
2745 3632 2914 3729 περὶ

685 3725 1116 3819 σταχύεσσιν
1168 3734 1371 3830 ἐέρση
1428 3736 1633 3831 ληΐου
1690 3729 2202 3831 ἀλδήσκοντος,
2275 3736 2404 3811 ὅτε
2481 3734 2913 3832 φρίσσουσιν

676 3829 1016 3928 ἄρουραι.
1118 3835 1199 3902 In
1227 3835 1332 3904 his
1357 3836 1560 3928 igitur
1592 3836 1785 3922 lociS‚
1824 3860 2009 3927 quos
2039 3841 2296 3926 attulit,
2348 3840 2656 3909 omnibus
2685 3862 2756 3931 p.
2786 3838 2909 3906 17.

674 3955 860 4022 seqq.
903 3936 1219 4006 audacter
1271 3939 1768 4010 coniunctivnm
1817 3943 2058 4034 reponi
2101 3944 2260 4012 vult.
2367 3943 2576 4028 Quod
2620 3966 2755 4038 ego
2800 3944 2910 4010 iu-

677 4035 966 4106 dicium
992 4038 1425 4111 vehementer
1481 4045 1724 4129 miror,
1799 4055 1946 4116 tum
2003 4058 2320 4140 propter
2337 4071 2532 4116 usum
2598 4047 2910 4131 Homeri,

673 4149 821 4210 tum
850 4150 1135 4232 propter
1157 4146 1482 4214 rationem
1512 4150 2043 4239 grammaticam.
2144 4153 2321 4220 Nam
2354 4152 2732 4221 Homerum
2758 4149 2914 4239 qui-

599 4254 605 4262 “
677 4243 838 4311 dem
885 4247 1029 4333 quis
1067 4248 1275 4315 nescit
1315 4250 1526 4317 multa
1548 4252 1723 4320 talia
1757 4254 2014 4323 addere
2042 4256 2439 4347 generatim,
2489 4256 2588 4324 rei
2629 4275 2912 4326 accura-

664 4346 803 4430 tius
838 4346 1320 4420 describendae
1368 4374 1630 4422 caussa:
1683 4379 1858 4444 quae
1899 4359 1992 4426 ob
2031 4359 2161 4425 id
2142 4383 2401 4450 ipsum,
2468 4358 2656 4448 quod
2695 4380 2912 4450 gene-

676 4449 870 4519 ratim
923 4450 1233 4523 dicuntur
1246 4504 1270 4541 ,
1355 4461 1484 4547 per
1542 4456 1977 4529 indicativum
2020 4462 2394 4533 adiicienda
2450 4470 2631 4531 sunt.
2695 4469 2764 4529 et
2816 4459 2912 4527 ita
