3325 5317
753 454 877 518 ιω
1043 447 1164 511 nn
1219 446 1536 512 cuono
1591 446 2177 513 Evmnnmvu
2218 432 2689 512 Asscnrm

749 619 904 691 anni
939 617 1321 690 discrimine
1363 642 1406 688 a
1444 641 1610 688 vero
1649 619 2032 690 aberrantis.
2135 620 2204 689 A
2247 641 2389 711 quo
2442 642 2532 689 ne
2568 620 2638 688 in
2689 642 2776 691 eo
2800 619 2984 710 'qui-

748 724 911 795 dem
954 721 1305 792 discedere
1350 719 1681 809 debebat,
1762 724 1954 814 quod
1996 724 2115 792 ille
2130 772 2152 807 ,
2229 744 2437 813 quum
2475 723 2767 814 scriptor
2806 725 2984 793 vitae

748 825 1119 921 Sophoclis
1159 833 1228 893 et
1273 825 1668 895 scholiastes
1711 825 2183 919 Aristophanis
2218 827 2310 895 ad
2351 827 2524 895 Ran-
2559 823 2681 896 75.
2716 827 2807 894 de
2826 825 2982 895 ·So—-

746 929 1010 1024 phocle
1046 929 1373 1015 scribant,
1422 923 1793 1019 Αἰσχύλου
1834 930 1983 1020 μὲν
2004 925 2372 1026 ’νεώτερος
2414 930 2541 1026 ἔτη
2594 923 2977 1017 δεκαεπτά,

748 1030 1159 1131 Εὐριπίδου
1193 1032 1272 1106 δὲ
1303 1026 1771 1128 παλαιότερος
1802 1033 2372 1128 εἰκοσιτέσσαρα,
2422 1054 2739 1101 numeros
2782 1054 2979 1102 com-

748 1134 1107 1206 mutandos
1149 1134 1501 1220 iudicavit,
1568 1135 1760 1223 quod
1804 1135 2191 1226 Lessingius
2241 1157 2515 1224 quoque
2558 1137 2629 1204 in
2672 1135 2814 1204 vita
2848 1134 2982 1203 So-

746 1238 1019 1332 phoclis
1058 1237 1256 1323 fecit,
1309 1247 1384 1306 ut
1411 1237 1802 1328 Sophocles
1839 1238 2086 1309 XXIV.
2126 1239 2311 1306 annis
2354 1246 2513 1328 post
2536 1237 2982 1328 Aeschylum,

746 1343 965 1412 XVII.
1011 1349 1165 1409 ante
1207 1340 1610 1434 Euripidem
1648 1350 1845 1408 natus
1892 1340 2247 1414 diceretur.
2353 1341 2549 1425 Quae
2599 1340 2982 1410 emendatio

744 1443 1108 1517 Boeckhio
1125 1493 1147 1530 ,
1224 1446 1344 1532 qui
1418 1442 1748 1533 Aeschyli
1812 1445 2064 1512 natales
2126 1467 2168 1511 a
2238 1442 2633 1536 Musgravio
2699 1441 2981 1535 Olymp.

746 1549 959 1620 LXV.
992 1569 1167 1617 anno
1210 1544 1281 1615 1.
1322 1546 1691 1638 Sophoclis
1738 1544 2297 1637 Olymp.LXX1.
2347 1568 2520 1615 anno
2557 1546 2626 1613 2.
2662 1547 2986 1638 assignari

746 1651 1339 1735 animadverteret,
1388 1673 1527 1718 non
1566 1648 1791 1741 potuit
1827 1671 1967 1717 non
2011 1658 2325 1741 suspecta
2363 1649 2612 1733 videri,
2663 1649 2856 1740 quod
2893 1651 2987 1717 ita

749 1755 1138 1848 Sophocles
1164 1739 1513 1842 Aeschylo
1538 1751 1875 1843 posterior
1901 1752 2132 1821 fuisset
2162 1752 2345 1823 annis
2383 1753 2597 1821 XXV.
2647 1752 2985 1842 Euripide

750 1868 975 1928 autem
1018 1857 1209 1948 prior
1239 1855 1421 1924 annis
1464 1848 1613 1924 XV.
1680 1855 1974 1939 Quare
1954 1878 2103 1946 lpse
2146 1854 2349 1925 aliam
2390 1865 2600 1925 tentat
2639 1855 2985 1924 coniectu-

751 1982 935 2029 ram:
999 1951 1371 2047 Αἰσχύλου
1412 1958 1551 2050 μὲν
1592 1983 1940 2054 νεωτερος
1982 1960 2106 2055 ἔτη
2157 1952 2598 2045 εἰκοσιεπτά,
2652 1954 2985 2052 Εὐριπί-

754 2067 888 2137 δου
958 2060 1035 2135 δὲ
1100 2053 1581 2157 παλαιότερος
1638 2062 2151 2157 δεκατέσσαρα.
2266 2061 2363 2129 At
2440 2061 2510 2128 in
2577 2060 2696 2128 tali
2758 2082 2986 2129 caussa

750 2166 880 2236 nisi
919 2163 1330 2235 exactissime
1372 2163 1636 2232 numeri
1675 2164 2105 2247 conveniant,
2167 2163 2357 2255 quod
2400 2187 2487 2231 ne
2538 2165 2610 2231 in
2648 2162 2786 2232 hac
2828 2163 2984 2251 qui-

754 2270 916 2339 dem
946 2267 1330 2344 coniectura
1369 2267 1483 2350 fit,
1533 2266 1708 2334 nihil
1747 2276 2002 2336 certum
2029 2288 2170 2334 esse
2197 2266 2572 2356 putandum
2601 2276 2719 2334 est.
2772 2265 2986 2350 Quod

605 2362 610 2367 ⁵
750 2374 807 2442 si
846 2371 1319 2464 Musgravium
1356 2392 1676 2459 sequare,
1737 2369 1852 2457 qui
1902 2368 2177 2458 quidem
2222 2391 2458 2437 vereor
2506 2392 2591 2437 ne
2632 2368 2809 2438 haec
2847 2362 2987 2436 ιιοιι

750 2477 996 2570 magis-5
1024 2497 1228 2564 quam
1267 2473 1651 2565 Lessingius
1702 2495 1784 2539 ex
1829 2472 2011 2539 omni
2067 2480 2263 2561 parte
2323 2471 2774 2563 perspexerit,
2835 2471 2986 2540 cal-

752 2580 942 2650 culos
976 2599 1208 2648 omnes
1238 2576 1609 2647 verissimos
1655 2598 1801 2646 esse
1843 2575 2199 2668 intelliges
2301 2576 2498 2648 Haec
2542 2574 2777 2644 ordine
2806 2595 2988 2643 nunc

751 2704 1137 2774 persequar.
2832 2702 2842 2707 ·

869 2976 878 2981 ³
958 2886 1068 2955 Ac
1110 2894 1353 2977 sponte
1394 2884 1819 2977 intelligitur,
1870 2906 2009 2953 non
2051 2886 2296 2953 mirum
2343 2907 2520 2971 esse,
2571 2886 2628 2953 si
2677 2870 2988 2973 plerum·

754 3011 891 3081 que
949 2989 1189 3060 certius
1238 2998 1532 3074 constat,
1601 2987 1875 3078 quando
1929 2988 2174 3056 mortui
2239 2988 2364 3056 sint
2428 2987 2598 3057 clari
2654 2986 2989 3069 homines,

633 3090 638 3094 ’
754 3116 963 3183 quam
1009 3092 1285 3181 quando
1334 3094 1494 3161 nati.
1594 3092 1757 3160 Pari
1814 3091 2276 3187 enimomnes
2327 3090 2710 3160 conditione
2764 3089 2990 3158 nasci-

757 3218 948 3280 mur,
996 3194 1119 3264 sed
1156 3217 1295 3262 non
1320 3195 1557 3286 ignota
1593 3202 1824 3262 manet
1851 3215 2062 3278 mors»,
2115 3215 2405 3283 quorum
2444 3194 2628 3262 clara
2666 3192 2795 3260 fuit
2831 3191 2987 3260 vita.

664 3304 751 3368 23
767 3299 996 3385 Quare
1030 3320 1241 3387 quum
1289 3296 1380 3365 de
1418 3305 1638 3366 aetate
1682 3296 2037 3364 illustrium
2082 3298 2382 3366 virorum
2437 3298 2811 3386 quaeritur,
2873 3315 2994 3361 re-

759 3404 929 3474 ctius
989 3402 1393 3494 plerumque
1454 3425 1497 3467 a
1521 3445 1526 3449 -
1550 3401 1784 3468 mortis
1840 3410 2149 3490 tempore
2164 3448 2185 3484 ,
2274 3422 2481 3488 quam
2537 3423 2580 3465 a
2628 3396 2990 3480 natalibuS,

756 3507 912 3576 anni
932 3514 1381 3577 numerantur.
1484 3503 1645 3574 Hoc
1674 3492 1743 3571 -si
1781 3502 1851 3570 in
1873 3501 2217 3593 Aeschylo
2243 3512 2469 3572 teneas
2483 3550 2505 3587 ,
2554 3499 2838 3569 habebis
2854 3521 2991 3566 ‘ra-

753 3610 1008 3689 tionem
1056 3609 1486 3693 facillimam,
1552 3629 1692 3695 qua
1743 3605 2189 3696 discrepantia
2231 3606 2635 3696 scriptorum
2681 3601 2990 3670 testimo-

756 3714 869 3783 nia
909 3714 979 3781 in
1022 3711 1456 3783 concordiam
1489 3709 1812 3786 adducas.
1916 3707 2163 3776 Mortis
2202 3716 2468 3800 tempus
2507 3709 2595 3776 ab
2625 3707 2773 3775 solo
2801 3726 2992 3773 mar-

755 3836 946 3883 more
972 3817 1172 3885 Pario
1199 3815 1566 3884 indicatum
1609 3821 1742 3898 est,
1795 3810 2075 3902 Olymp.
2105 3811 2414 3880 LXXXI.
2465 3808 2534 3877 l.
2636 3809 2719 3878 In
2748 3807 2887 3878 hac
2912 3829 2993 3876 re

754 3915 923 3984 nihil
965 3918 1232 3986 videtur
1280 3917 1520 3987 erroris
1568 3937 1728 3985 esse.
1828 3913 2006 3983 Nam
2058 3923 2126 3983 et
2165 3913 2403 4004 paullo
2445 3922 2635 3998 ante,
2702 3909 2990 4002 Olymp.

752 4016 1030 4087 LXXX.
1065 4018 1131 4087 2.
1163 4017 1515 4089 Oresteam
1540 4000 1920 4106 Aeschylus
1955 4015 2298 4102 ediderat,
2348 4039 2477 4088 nec
2508 4022 2665 4107 post
2697 4012 2985 4105 Olymp.
3061 4097 3071 4107 ⁸

754 4116 1064 4191 Lxxxl.
1096 4123 1447 4212 quisquam
1482 4144 1636 4191 enm
1661 4121 1889 4190 vivum
1915 4119 2486 4206 commemoravit,
2535 4140 2665 4189 nec
2691 4116 2992 4206 denique

758 4231 897 4308 est,
945 4223 1069 4290 nisi
1109 4225 1360 4294 alienos
1390 4225 1689 4310 calculos
1723 4222 2052 4291 adhibeas
2068 4271 2090 4308 ,
2140 4223 2256 4311 qui
2299 4223 2433 4311 alio
2472 4232 2786 4312 tempore
2829 4241 2993 4288 eum

757 4325 996 4397 obiisse
1037 4324 1239 4398 dicat.
1336 4326 1646 4396 Marmor
1686 4327 1957 4420 Parium
2004 4348 2160 4394 eum
2213 4324 2417 4394 tradit
2458 4334 2800 4393 mortuum
2846 4343 2992 4390 esse

760 4451 968 4499 annos
1009 4438 1239 4500 natum
1276 4429 1522 4499 LXIX.
1622 4430 1787 4500 Hoc
1829 4430 1887 4498 si
1935 4449 2172 4498 verum
2205 4437 2336 4515 est,
2379 4437 2578 4523 ⁸natus
2618 4426 2822 4497 fuerit
2861 4443 2997 4494 nea
