3325 5317
844 478 1331 542 SERMONIS
1395 482 1880 545 HOMERICI
1921 483 2141 546 mss.
2178 485 2228 546 1.
2573 490 2662 553 37

412 649 618 738 nique
655 648 727 718 in
760 646 898 720 hac
941 675 1052 738 re,
1103 652 1194 724 de
1239 675 1377 743 qua
1413 674 1592 723 nunc
1621 654 1921 747 agimus,
1971 656 2140 746 quid
2181 656 2406 725 valeat
2431 658 2663 750 Apol--

412 752 633 820 Ionius
649 800 671 838 ,
723 754 940 823 multo
970 756 1188 825 minus
1226 757 1519 849 intelligi
1560 767 1804 849 potest.
1911 759 2050 844 Qui
2084 762 2139 828 si
2188 769 2331 829 erat
2355 784 2663 832 comme-

412 854 816 942 morandus,
867 881 1005 926 non
1035 858 1152 930 hic
1178 860 1371 933 locus
1389 908 1411 944 ,
1461 861 1516 928 l.
1572 858 1751 937 245,
1803 861 2034 931 afferri
2058 863 2392 950 debebat,
2444 868 2660 948 (mul-

410 968 486 1027 to
529 959 709 1027 enim
747 959 1010 1031 facilius
1067 986 1275 1033 unum
1320 964 1673 1055 Apollonii
1686 1013 1708 1050 ‚
1777 967 2259 1058 corruptissimi
2300 969 2663 1061 scriptoris,

410 1063 643 1131 locum
685 1085 769 1131 ex
809 1075 1127 1153 quattuor
1164 1067 1547 1146 Homericis
1562 1116 1584 1152 ,
1628 1091 1834 1157 quam
1887 1069 2018 1138 hos
2065 1093 2147 1140 ex
2194 1092 2333 1139 uno
2350 1119 2371 1155 ,
2439 1095 2661 1161 eoque

410 1166 667 1234 dubiae
718 1169 1165 1255 auctoritatis,
1246 1171 1605 1261 Apollonii
1674 1173 2024 1264 corrigas)
2091 1174 2216 1244 sed
2291 1175 2413 1243 IV.
2482 1174 2658 1243 4⁰9.

348 1261 355 1268 “
408 1269 669 1338 Verum
711 1293 799 1338 ne
837 1274 937 1342 sic
976 1257 1257 1360 quidem
1304 1274 1676 1364 quidquam
1718 1276 2054 1346 efficietur
2069 1324 2091 1362 ,
2141 1278 2266 1346 nisi
2312 1286 2386 1346 ut
2438 1301 2660 1371 appa-

407 1382 587 1459 reat,
650 1374 1099 1465 Apollonium
1154 1377 1581 1448 coniunctivo
1627 1401 1825 1448 usum
1882 1402 2065 1463 esse,
2136 1382 2255 1450 ubi
2284 1380 2659 1452 coniuncti-

407 1498 526 1544 vus
552 1477 720 1568 poni
745 1475 1077 1566 debebat,
1126 1458 1710 1594 quemadmodum
1743 1481 1990 1552 idem
1970 1506 2040 1551 m
2077 1482 2320 1553 eadem
2362 1485 2658 1616 ιὀιιιιιιιιι

410 1580 573 1648 alibi
601 1590 787 1650 recte
824 1583 1130 1673 optativo
1154 1585 1378 1654 utitur.

614 1685 845 1771 Alter,
912 1687 1004 1756 de
1053 1710 1192 1777 quo
1238 1689 1537 1760 dicturus
1595 1712 1782 1758 eram
1797 1738 1819 1775 ‚
1879 1712 2037 1758 usus
2095 1690 2379 1780 optativi
2432 1691 2489 1760 is
2531 1699 2655 1777 est,

405 1809 545 1877 quo
590 1787 907 1878 frequens
957 1791 1271 1883 repetitio
1333 1793 1434 1862 rei
1492 1793 1898 1884 praeteritae
1947 1794 2311 1885 significari
2356 1803 2651 1885 putatur.

404 1892 490 1960 ld
520 1911 685 1959 vero
726 1914 1003 1983 prorsus
1043 1896 1288 1965 falsum
1333 1905 1467 1983 est,
1517 1919 1645 1966 nec
1684 1899 1876 1987 sequi
1910 1896 2097 1969 hunc
2141 1920 2443 1967 errorem
2459 1949 2479 1985 ,
2528 1898 2654 1967 sed

403 1994 699 2064 refutare
748 1995 1045 2066 debebat
1086 1999 1552 2074 Tlnerschins.
1670 2002 1849 2069 Nam
1891 2001 2013 2070 etsi
2052 2003 2292 2093 negari
2333 2024 2473 2070 non
2515 2023 2652 2091 po-

403 2107 531 2167 test
547 2146 569 2184 ,
618 2098 742 2167 ubi
783 2099 876 2169 de
910 2123 988 2169 re
1026 2103 1295 2195 saepius
1344 2103 1634 2195 repetita
1681 2126 1903 2173 sermo
1952 2114 2085 2189 est,
2149 2114 2293 2175 tam
2336 2106 2651 2174 crebrum

405 2225 549 2271 esse
591 2203 872 2293 optativi
914 2226 1110 2274 usum
1125 2255 1147 2293 ,
1224 2216 1300 2275 ut
1346 2206 1681 2277 rarissima
1727 2207 1856 2275 sint
1909 2207 2226 2326 exempla
2290 2207 2360 2275 in
2407 2209 2658 2297 quibus

402 2305 523 2373 ille
568 2328 704 2398 non
739 2306 1113 2380 inveniatur
1127 2359 1148 2396 ,
1203 2310 1426 2402 (apud
1473 2310 1856 2379 Homerum
1904 2333 2041 2379 non
2085 2281 2364 2396 niemim‘
2417 2334 2652 2378 exem·-

401 2411 599 2499 plum
629 2420 901 2500 praeter
937 2411 1023 2485 ΙΙ.
1070 2442 1130 2505 y.
1166 2413 1341 2482 221.
1381 2415 1451 2481 in
1485 2436 1626 2502 quo
1666 2415 1862 2505 ipso,
1913 2413 2036 2481 sed
2082 2414 2290 2497 male,
2343 2415 2653 2482 nonnulli

401 2513 561 2581 libri
603 2515 978 2605 optativum
1005 2515 1294 2609 habent)
1345 2526 1576 2586 tamen
1605 2540 1691 2585 ea
1717 2539 1856 2585 non
1886 2516 2166 2607 optativi
2205 2516 2302 2584 vis
2341 2526 2440 2585 est
2455 2564 2477 2602 ,
2528 2517 2651 2586 sed

404 2616 628 2704 verbi,
682 2618 862 2688 unde
903 2619 1162 2710 pendet
1205 2621 1569 2712 optativusz
1631 2619 1776 2690 hoc
1815 2619 1995 2690 enim
2047 2619 2302 2710 ubique
2343 2620 2483 2688 tale
2529 2629 2650 2707 est,

403 2731 480 2790 ιιι
525 2722 595 2788 in
632 2721 796 2841 ‘ipso
856 2722 1010 2791 insit
1073 2723 1517 2794 diuturnitatis
1579 2724 1697 2794 vel
1744 2723 2158 2814 repetitionis
2212 2723 2652 2815 significatio.
2633 2747 2651 2764 ·

403 2836 505 2893 est
544 2826 726 2892 enim
771 2825 1179 2917 plerumque
1225 2829 1339 2897 vel
1373 2828 1853 2920 imperfectum
1872 2875 1894 2913 ,
1958 2826 2073 2895 vel
2126 2828 2654 2919 plusquamper-

400 2929 690 2998 fectum:
760 2929 958 2997 lliad.
1008 2959 1078 3003 α.
1124 2929 1300 3000 619.
1336 2930 1483 3001 od.
1526 2960 1595 3005 τ.
1641 2929 1767 3001 49.
1812 2933 2000 3005 ἔνθα
2026 2956 2258 3027 παρος
2297 2927 2644 3024 κοιμᾶθ’,

405 3029 534 3105 ὅτε
592 3058 727 3124 μιν
773 3026 1028 3125 γλυκυς
1068 3033 1291 3115 ὕπνος
1339 3027 1599 3109 ἱκάνοι.
1652 3036 1736 3103 Π.
1790 3062 1854 3106 ιι.
1905 3030 2078 3101 188.
2130 3030 2462 3107 πεδίονδε
2501 3027 2731 3130 γοῖρὲἱ

402 3134 549 3208 αἰεὶ
626 3129 1085 3231 τετράφαθ’,
1179 3130 1455 3211 ὁππότ’
1539 3137 1660 3211 ἐπὶ
1727 3130 1997 3231 Τρωων
2067 3131 2304 3209 α’ΐοιεν
2360 3130 2647 3209 ἰόντων.
2757 3149 2762 3154 “

399 3239 508 3308 Ac
555 3238 965 3329 plerumque
1019 3242 1395 3310 Homerus
1434 3239 1942 3330 frequentativis
1999 3240 2360 3308 verborum
2413 3238 2650 3308 formis

401 3342 642 3427 utitur,
703 3353 780 3410 ut
816 3343 898 3410 Il.
945 3371 1012 3435 y.
1062 3342 1236 3412 216.
1293 3339 1460 3465 οέλλῖ
1506 3342 1636 3418 ὅτε
1678 3336 1769 3432 δὴ
1831 3334 2232 3440 πολύμητις
2287 3338 2648 3425 ἀναΐξειεν

398 3440 824 3530 Ὀδυσσεύς,
895 3442 1243 3537 στάσκεν,
1297 3444 1478 3519 vna}
1527 3449 1604 3522 δὲ
1658 3449 1915 3520 ἴδεσκε.
2052 3445 2170 3515 Ad
2227 3467 2433 3534 quam
2481 3466 2650 3513 nor-

399 3569 584 3616 mam
611 3550 1044 3637 Aristoteles,
1094 3550 1307 3621 Rhet.
1363 3550 1451 3619 IL
1498 3549 1585 3638 9,
1641 3547 1761 3616 ll.
1813 3571 1896 3617 ex
1947 3549 2030 3616 ll.
2078 3554 2138 3623 λ.
2193 3543 2368 3618 549.
2422 3546 2648 3632 affert,
2691 3566 2699 3572 ’

404 3645 586 3732 Ζευς
632 3650 774 3749 γάρ
831 3658 903 3724 οἱ
953 3649 1372 3746 νεμέσασχ’,
1453 3649 1577 3728 ὅτ’
1643 3648 1979 3745 ἀμείνονι
2048 3650 2238 3745 φωτὶ
2300 3643 2643 3743 μα’χοιτο.

400 3756 935 3845 Frequentativis
1011 3758 1081 3825 in
1133 3757 1381 3826 eodem
1458 3780 1720 3850 genere
1786 3754 1993 3823 utitur
2056 3751 2492 3840 HerodotuS,
2569 3763 2648 3822 ut

397 3858 553 3931 vll.
610 3857 782 3928 119.
885 3860 1076 3929 Raro
1114 3861 1434 3929 aoristum
1463 3860 1760 3930 invenias
1777 3908 1798 3946 ‚
1857 3867 1930 3925 et
1970 3856 2204 3941 sicubi,
2253 3857 2345 3926 ita
2399 3867 2477 3926 ut
2514 3858 2646 3930 ali-

396 3962 567 4051 quid
612 3963 955 4035 adiectum
981 3965 1092 4049 sit,
1142 3987 1284 4055 quo
1315 3964 1632 4054 repetitio
1663 3962 2080 4046 declaretur,
2132 3969 2209 4029 ut
2243 3960 2334 4031 11.
2370 3990 2435 4053 y.
2468 3959 2642 4028 232.

397 4059 709 4140 πολλάκι
779 4093 912 4159 μιν
982 4067 1328 4151 ξείνισσεν
1384 4063 1811 4163 Ἀρηΐφιλος
1875 4065 2257 4145 Μενέλαος
2324 4069 2494 4159 οἴκῳ
2564 4070 2686 4142 ε’ν,

396 4166 727 4267 ἡμετέρῳ
753 4216 786 4248 ,
850 4165 1078 4245 ὁπότε
1141 4164 1545 4267 Κρήτηθεν
1610 4175 1868 4241 ἵκοιτο.
1986 4168 2260 4238 Etenim
2303 4168 2643 4260 optativus

396 4272 590 4339 nullo
645 4273 860 4341 modo
903 4283 1129 4365 potest
1166 4273 1635 4364 repetitionem
1688 4271 2024 4356 indicare,
2098 4294 2324 4360 neque
2373 4273 2444 4339 in
2501 4270 2652 4337 istis

399 4376 568 4445 locis
613 4378 924 4445 omnibus
944 4426 966 4463 ,
1030 4400 1323 4468 quorum
1366 4377 1644 4446 millena
1688 4374 1917 4445 afferri
1958 4374 2028 4442 in
2082 4398 2234 4443 eam
2278 4398 2424 4443 rem
2468 4395 2638 4464 pos—

398 4489 576 4565 sent,
629 4482 1038 4573 quidquam,
1087 4481 1210 4551 nisi
1263 4503 1473 4551 unum
1515 4480 1775 4551 factum
1810 4487 2037 4582 notat,
2091 4478 2392 4579 sed-ita,
2434 4486 2508 4556 ut
2555 4496 2638 4543 ex
