<?xml version="1.0" encoding="UTF-8"?>
<!DOCTYPE html PUBLIC "-//W3C//DTD XHTML 1.0 Transitional//EN"
    "http://www.w3.org/TR/xhtml1/DTD/xhtml1-transitional.dtd">
<html xmlns="http://www.w3.org/1999/xhtml" xml:lang="en" lang="en">
 <head>
  <title>
</title>
<meta http-equiv="Content-Type" content="text/html;charset=utf-8" />
  <meta name='ocr-system' content='tesseract 3.04.00' />
  <meta name='ocr-capabilities' content='ocr_page ocr_carea ocr_par ocr_line ocrx_word'/>
</head>
<body>
  <div class='ocr_page' id='page_1' title='image "./godofrediherman01fritgoog_0107.png"; bbox 0 0 3325 5317; ppageno 0'>
   <div class='ocr_carea' id='block_1_1' title="bbox 1251 482 2616 554">
    <p class='ocr_par' dir='ltr' id='par_1_1' title="bbox 1251 482 2616 554">
     <span class='ocr_line' id='line_1_1' title="bbox 1251 482 2616 554; baseline 0.007 -9"><span class='ocrx_word' id='word_1_1' title='bbox 1251 482 1748 546; x_wconf 78' lang='lat' dir='ltr'><strong>RERSIS.</strong></span> <span class='ocrx_word' id='word_1_2' title='bbox 2491 488 2616 554; x_wconf 71' lang='lat' dir='ltr'><strong>lot</strong></span> 
     </span>
    </p>
   </div>
   <div class='ocr_carea' id='block_1_2' title="bbox 372 600 2670 951">
    <p class='ocr_par' dir='ltr' id='par_1_2' title="bbox 372 600 2670 951">
     <span class='ocr_line' id='line_1_2' title="bbox 381 600 2670 749; baseline 0.001 -21"><span class='ocrx_word' id='word_1_3' title='bbox 381 663 619 743; x_wconf 77' lang='lat' dir='ltr'><strong>exuat,</strong></span> <span class='ocrx_word' id='word_1_4' title='bbox 670 615 908 726; x_wconf 67' lang='lat' dir='ltr'><strong>induat</strong></span> <span class='ocrx_word' id='word_1_5' title='bbox 954 660 1182 726; x_wconf 78' lang='lat' dir='ltr'><strong>autem</strong></span> <span class='ocrx_word' id='word_1_6' title='bbox 1231 656 1574 737; x_wconf 42' lang='lat' dir='ltr'><strong>alimum(</strong></span> <span class='ocrx_word' id='word_1_7' title='bbox 1650 656 1862 744; x_wconf 78' lang='lat' dir='ltr'><strong>Quod</strong></span> <span class='ocrx_word' id='word_1_8' title='bbox 1911 664 1989 726; x_wconf 87' lang='lat' dir='ltr'><strong>ut</strong></span> <span class='ocrx_word' id='word_1_9' title='bbox 2032 656 2118 744; x_wconf 91' lang='lat' dir='ltr'><strong>ii,</strong></span> <span class='ocrx_word' id='word_1_10' title='bbox 2181 658 2299 749; x_wconf 87' lang='lat' dir='ltr'><strong>qui</strong></span> <span class='ocrx_word' id='word_1_11' title='bbox 2348 658 2618 732; x_wconf 82' lang='lat' dir='ltr'><strong>doctio—</strong></span> <span class='ocrx_word' id='word_1_12' title='bbox 2656 600 2670 614; x_wconf 21' lang='lat'><strong>&#39;¹</strong></span> 
     </span>
     <span class='ocr_line' id='line_1_3' title="bbox 377 752 2619 853; baseline 0.002 -24"><span class='ocrx_word' id='word_1_13' title='bbox 377 783 484 829; x_wconf 74' lang='lat' dir='ltr'><strong>res</strong></span> <span class='ocrx_word' id='word_1_14' title='bbox 531 770 722 846; x_wconf 86' lang='lat' dir='ltr'><strong>sunt,</strong></span> <span class='ocrx_word' id='word_1_15' title='bbox 774 759 1037 831; x_wconf 85' lang='lat' dir='ltr'><strong>facilius</strong></span> <span class='ocrx_word' id='word_1_16' title='bbox 1081 761 1406 831; x_wconf 84' lang='lat' dir='ltr'><strong>effectum</strong></span> <span class='ocrx_word' id='word_1_17' title='bbox 1461 759 1784 848; x_wconf 80' lang='lat' dir='ltr'><strong>reddant,</strong></span> <span class='ocrx_word' id='word_1_18' title='bbox 1836 769 1908 829; x_wconf 85' lang='grc'><strong>01</strong></span> <span class='ocrx_word' id='word_1_19' title='bbox 1944 752 2312 853; x_wconf 83' lang='lat' dir='ltr'><strong>plerosque</strong></span> <span class='ocrx_word' id='word_1_20' title='bbox 2360 765 2619 834; x_wconf 75' lang='lat' dir='ltr'><strong>novitas</strong></span> 
     </span>
     <span class='ocr_line' id='line_1_4' title="bbox 372 863 2618 951; baseline 0.003 -19"><span class='ocrx_word' id='word_1_21' title='bbox 372 865 476 932; x_wconf 92' lang='lat' dir='ltr'><strong>rei</strong></span> <span class='ocrx_word' id='word_1_22' title='bbox 545 872 616 933; x_wconf 89' lang='lat' dir='ltr'><strong>et</strong></span> <span class='ocrx_word' id='word_1_23' title='bbox 679 863 1034 932; x_wconf 76' lang='lat' dir='ltr'><strong>insolentia</strong></span> <span class='ocrx_word' id='word_1_24' title='bbox 1097 864 1194 933; x_wconf 80' lang='lat' dir='ltr'><strong>ita</strong></span> <span class='ocrx_word' id='word_1_25' title='bbox 1263 863 1552 934; x_wconf 71' lang='lat' dir='ltr'><strong>advertit</strong></span> <span class='ocrx_word' id='word_1_26' title='bbox 1618 885 1704 934; x_wconf 85' lang='lat' dir='ltr'><strong>ac</strong></span> <span class='ocrx_word' id='word_1_27' title='bbox 1764 875 2103 951; x_wconf 87' lang='lat' dir='ltr'><strong>moratur,</strong></span> <span class='ocrx_word' id='word_1_28' title='bbox 2179 874 2260 936; x_wconf 86' lang='lat' dir='ltr'><strong>ut</strong></span> <span class='ocrx_word' id='word_1_29' title='bbox 2318 866 2390 935; x_wconf 89' lang='lat' dir='ltr'><strong>in</strong></span> <span class='ocrx_word' id='word_1_30' title='bbox 2435 867 2618 939; x_wconf 85' lang='grc'><strong>11000</strong></span> 
     </span>
    </p>
   </div>
   <div class='ocr_carea' id='block_1_3' title="bbox 275 966 2618 1067">
    <p class='ocr_par' dir='ltr' id='par_1_3' title="bbox 275 966 2618 1067">
     <span class='ocr_line' id='line_1_5' title="bbox 275 966 2618 1067; baseline 0.002 -33"><span class='ocrx_word' id='word_1_31' title='bbox 275 988 278 991; x_wconf 92' lang='grc'><strong>·</strong></span> <span class='ocrx_word' id='word_1_32' title='bbox 371 966 641 1052; x_wconf 85' lang='lat' dir='ltr'><strong>intenti,</strong></span> <span class='ocrx_word' id='word_1_33' title='bbox 710 966 886 1034; x_wconf 85' lang='lat' dir='ltr'><strong>illud</strong></span> <span class='ocrx_word' id='word_1_34' title='bbox 952 967 1141 1056; x_wconf 92' lang='lat' dir='ltr'><strong>quod</strong></span> <span class='ocrx_word' id='word_1_35' title='bbox 1187 967 1581 1067; x_wconf 86' lang='lat' dir='ltr'><strong>primarium</strong></span> <span class='ocrx_word' id='word_1_36' title='bbox 1623 975 1735 1036; x_wconf 82' lang='lat' dir='ltr'><strong>est</strong></span> <span class='ocrx_word' id='word_1_37' title='bbox 1795 972 1915 1036; x_wconf 93' lang='grc'><strong>0111</strong></span> <span class='ocrx_word' id='word_1_38' title='bbox 1958 990 2096 1036; x_wconf 88' lang='lat' dir='ltr'><strong>non</strong></span> <span class='ocrx_word' id='word_1_39' title='bbox 2143 969 2452 1057; x_wconf 82' lang='lat' dir='ltr'><strong>videant,</strong></span> <span class='ocrx_word' id='word_1_40' title='bbox 2486 981 2618 1039; x_wconf 88' lang='lat' dir='ltr'><strong>aut</strong></span> 
     </span>
    </p>
   </div>
   <div class='ocr_carea' id='block_1_4' title="bbox 365 1069 2687 2093">
    <p class='ocr_par' dir='ltr' id='par_1_4' title="bbox 365 1069 2687 2093">
     <span class='ocr_line' id='line_1_6' title="bbox 373 1069 2617 1163; baseline 0.002 -25"><span class='ocrx_word' id='word_1_41' title='bbox 373 1070 743 1162; x_wconf 79' lang='lat' dir='ltr'><strong>perperam</strong></span> <span class='ocrx_word' id='word_1_42' title='bbox 792 1069 1136 1141; x_wconf 84' lang='grc'><strong>1011100111.</strong></span> <span class='ocrx_word' id='word_1_43' title='bbox 1209 1071 1294 1140; x_wconf 83' lang='grc'><strong>111</strong></span> <span class='ocrx_word' id='word_1_44' title='bbox 1345 1093 1509 1141; x_wconf 84' lang='lat' dir='ltr'><strong>vero</strong></span> <span class='ocrx_word' id='word_1_45' title='bbox 1561 1070 1835 1140; x_wconf 83' lang='lat' dir='ltr'><strong>Graeco</strong></span> <span class='ocrx_word' id='word_1_46' title='bbox 1895 1080 2149 1163; x_wconf 87' lang='lat' dir='ltr'><strong>poetae</strong></span> <span class='ocrx_word' id='word_1_47' title='bbox 2212 1081 2400 1141; x_wconf 84' lang='lat' dir='ltr'><strong>tanto</strong></span> <span class='ocrx_word' id='word_1_48' title='bbox 2466 1096 2617 1142; x_wconf 80' lang='lat' dir='ltr'><strong>ma-</strong></span> 
     </span>
     <span class='ocr_line' id='line_1_7' title="bbox 371 1172 2616 1269; baseline 0.001 -28"><span class='ocrx_word' id='word_1_49' title='bbox 371 1173 478 1266; x_wconf 78' lang='lat' dir='ltr'><strong>gis</strong></span> <span class='ocrx_word' id='word_1_50' title='bbox 526 1172 965 1245; x_wconf 81' lang='lat' dir='ltr'><strong>metuendum</strong></span> <span class='ocrx_word' id='word_1_51' title='bbox 1013 1181 1193 1258; x_wconf 73' lang='lat' dir='ltr'><strong>erat,</strong></span> <span class='ocrx_word' id='word_1_52' title='bbox 1245 1174 1434 1264; x_wconf 89' lang='lat' dir='ltr'><strong>quod</strong></span> <span class='ocrx_word' id='word_1_53' title='bbox 1483 1172 1576 1242; x_wconf 85' lang='lat' dir='ltr'><strong>ad</strong></span> <span class='ocrx_word' id='word_1_54' title='bbox 1623 1175 1875 1265; x_wconf 86' lang='lat' dir='ltr'><strong>populi</strong></span> <span class='ocrx_word' id='word_1_55' title='bbox 1924 1198 2189 1244; x_wconf 85' lang='lat' dir='ltr'><strong>sensum</strong></span> <span class='ocrx_word' id='word_1_56' title='bbox 2238 1185 2307 1244; x_wconf 88' lang='lat' dir='ltr'><strong>et</strong></span> <span class='ocrx_word' id='word_1_57' title='bbox 2354 1198 2616 1269; x_wconf 86' lang='lat' dir='ltr'><strong>appro</strong></span> 
     </span>
     <span class='ocr_line' id='line_1_8' title="bbox 372 1275 2618 1369; baseline 0.001 -22"><span class='ocrx_word' id='word_1_58' title='bbox 372 1275 719 1347; x_wconf 72' lang='lat' dir='ltr'><strong>bationem</strong></span> <span class='ocrx_word' id='word_1_59' title='bbox 782 1275 1208 1368; x_wconf 79' lang='lat' dir='ltr'><strong>exigerentur</strong></span> <span class='ocrx_word' id='word_1_60' title='bbox 1267 1277 1564 1347; x_wconf 85' lang='lat' dir='ltr'><strong>fabulae.</strong></span> <span class='ocrx_word' id='word_1_61' title='bbox 1686 1277 1928 1368; x_wconf 83' lang='lat' dir='ltr'><strong>Itaque</strong></span> <span class='ocrx_word' id='word_1_62' title='bbox 1990 1277 2370 1369; x_wconf 73' lang='lat' dir='ltr'><strong>Aeschylus</strong></span> <span class='ocrx_word' id='word_1_63' title='bbox 2431 1288 2618 1348; x_wconf 78' lang='lat' dir='ltr'><strong>tanta</strong></span> 
     </span>
     <span class='ocr_line' id='line_1_9' title="bbox 370 1380 2687 1474; baseline 0.002 -25"><span class='ocrx_word' id='word_1_64' title='bbox 370 1401 528 1449; x_wconf 86' lang='lat' dir='ltr'><strong>usus</strong></span> <span class='ocrx_word' id='word_1_65' title='bbox 593 1389 695 1461; x_wconf 82' lang='lat' dir='ltr'><strong>est</strong></span> <span class='ocrx_word' id='word_1_66' title='bbox 757 1380 1070 1449; x_wconf 83' lang='lat' dir='ltr'><strong>cautione</strong></span> <span class='ocrx_word' id='word_1_67' title='bbox 1088 1427 1113 1465; x_wconf 92' lang='lat'><strong>,</strong></span> <span class='ocrx_word' id='word_1_68' title='bbox 1188 1387 1266 1449; x_wconf 85' lang='lat' dir='ltr'><strong>ut</strong></span> <span class='ocrx_word' id='word_1_69' title='bbox 1346 1381 1551 1450; x_wconf 86' lang='lat' dir='ltr'><strong>etiam</strong></span> <span class='ocrx_word' id='word_1_70' title='bbox 1626 1380 1905 1449; x_wconf 86' lang='lat' dir='ltr'><strong>illorum</strong></span> <span class='ocrx_word' id='word_1_71' title='bbox 1987 1381 2321 1470; x_wconf 77' lang='lat' dir='ltr'><strong>quaedam</strong></span> <span class='ocrx_word' id='word_1_72' title='bbox 2338 1431 2361 1469; x_wconf 99' lang='lat'><strong>,</strong></span> <span class='ocrx_word' id='word_1_73' title='bbox 2439 1407 2618 1474; x_wconf 88' lang='lat' dir='ltr'><strong>quae</strong></span> <span class='ocrx_word' id='word_1_74' title='bbox 2684 1426 2687 1430; x_wconf 60' lang='lat'>&gt;</span> 
     </span>
     <span class='ocr_line' id='line_1_10' title="bbox 369 1481 2614 1577; baseline 0.002 -26"><span class='ocrx_word' id='word_1_75' title='bbox 369 1505 647 1577; x_wconf 88' lang='lat' dir='ltr'><strong>prorsus</strong></span> <span class='ocrx_word' id='word_1_76' title='bbox 684 1481 957 1554; x_wconf 82' lang='lat' dir='ltr'><strong>Graeca</strong></span> <span class='ocrx_word' id='word_1_77' title='bbox 1005 1491 1190 1570; x_wconf 87' lang='lat' dir='ltr'><strong>sunt,</strong></span> <span class='ocrx_word' id='word_1_78' title='bbox 1240 1483 1607 1557; x_wconf 79' lang='lat' dir='ltr'><strong>retinuerit.</strong></span> <span class='ocrx_word' id='word_1_79' title='bbox 1712 1485 2067 1554; x_wconf 86' lang='lat' dir='ltr'><strong>Eiusmodi</strong></span> <span class='ocrx_word' id='word_1_80' title='bbox 2112 1495 2264 1553; x_wconf 85' lang='lat' dir='ltr'><strong>sunt</strong></span> <span class='ocrx_word' id='word_1_81' title='bbox 2309 1487 2614 1572; x_wconf 80' lang='lat' dir='ltr'><strong>inferiae,</strong></span> 
     </span>
     <span class='ocr_line' id='line_1_11' title="bbox 370 1585 2609 1682; baseline 0.002 -27"><span class='ocrx_word' id='word_1_82' title='bbox 370 1610 537 1677; x_wconf 90' lang='lat' dir='ltr'><strong>quas</strong></span> <span class='ocrx_word' id='word_1_83' title='bbox 595 1587 840 1657; x_wconf 88' lang='lat' dir='ltr'><strong>Atossa</strong></span> <span class='ocrx_word' id='word_1_84' title='bbox 886 1585 1103 1655; x_wconf 84' lang='lat' dir='ltr'><strong>Dario</strong></span> <span class='ocrx_word' id='word_1_85' title='bbox 1153 1586 1373 1656; x_wconf 83' lang='lat' dir='ltr'><strong>affert.</strong></span> <span class='ocrx_word' id='word_1_86' title='bbox 1475 1586 1621 1656; x_wconf 84' lang='lat' dir='ltr'><strong>Sed</strong></span> <span class='ocrx_word' id='word_1_87' title='bbox 1671 1585 1817 1659; x_wconf 88' lang='lat' dir='ltr'><strong>hoc</strong></span> <span class='ocrx_word' id='word_1_88' title='bbox 1878 1587 2160 1676; x_wconf 87' lang='lat' dir='ltr'><strong>quidem</strong></span> <span class='ocrx_word' id='word_1_89' title='bbox 2221 1588 2429 1663; x_wconf 84' lang='lat' dir='ltr'><strong>facile</strong></span> <span class='ocrx_word' id='word_1_90' title='bbox 2477 1612 2609 1682; x_wconf 87' lang='lat' dir='ltr'><strong>po-</strong></span> 
     </span>
     <span class='ocr_line' id='line_1_12' title="bbox 368 1689 2614 1786; baseline 0.001 -27"><span class='ocrx_word' id='word_1_91' title='bbox 368 1699 547 1759; x_wconf 85' lang='lat' dir='ltr'><strong>terat</strong></span> <span class='ocrx_word' id='word_1_92' title='bbox 595 1691 846 1761; x_wconf 81' lang='lat' dir='ltr'><strong>latere=</strong></span> <span class='ocrx_word' id='word_1_93' title='bbox 895 1689 1240 1761; x_wconf 82' lang='lat' dir='ltr'><strong>difficilius</strong></span> <span class='ocrx_word' id='word_1_94' title='bbox 1290 1689 1776 1761; x_wconf 79' lang='lat' dir='ltr'><strong>delitescebant</strong></span> <span class='ocrx_word' id='word_1_95' title='bbox 1817 1690 2088 1764; x_wconf 83' lang='lat' dir='ltr'><strong>Graeca</strong></span> <span class='ocrx_word' id='word_1_96' title='bbox 2135 1691 2334 1781; x_wconf 78' lang='lat' dir='ltr'><strong>Iovis,</strong></span> <span class='ocrx_word' id='word_1_97' title='bbox 2385 1695 2614 1786; x_wconf 87' lang='lat' dir='ltr'><strong>Apol-</strong></span> 
     </span>
     <span class='ocr_line' id='line_1_13' title="bbox 370 1792 2614 1887; baseline 0.002 -25"><span class='ocrx_word' id='word_1_98' title='bbox 370 1795 548 1880; x_wconf 82' lang='lat' dir='ltr'><strong>linis,</strong></span> <span class='ocrx_word' id='word_1_99' title='bbox 609 1792 946 1864; x_wconf 83' lang='lat' dir='ltr'><strong>.Mercurii</strong></span> <span class='ocrx_word' id='word_1_100' title='bbox 959 1842 982 1880; x_wconf 99' lang='lat'><strong>,</strong></span> <span class='ocrx_word' id='word_1_101' title='bbox 1056 1793 1570 1884; x_wconf 80' lang='lat' dir='ltr'><strong>inferorumque</strong></span> <span class='ocrx_word' id='word_1_102' title='bbox 1629 1794 1816 1887; x_wconf 77' lang='lat' dir='ltr'><strong>regis</strong></span> <span class='ocrx_word' id='word_1_103' title='bbox 1870 1797 2162 1864; x_wconf 86' lang='lat' dir='ltr'><strong>nomina.</strong></span> <span class='ocrx_word' id='word_1_104' title='bbox 2275 1798 2373 1868; x_wconf 89' lang='lat' dir='ltr'><strong>At</strong></span> <span class='ocrx_word' id='word_1_105' title='bbox 2434 1797 2614 1867; x_wconf 88' lang='lat' dir='ltr'><strong>enim</strong></span> 
     </span>
     <span class='ocr_line' id='line_1_14' title="bbox 368 1896 2615 1984; baseline 0.002 -18"><span class='ocrx_word' id='word_1_106' title='bbox 368 1897 654 1967; x_wconf 75' lang='lat' dir='ltr'><strong>Persicis</strong></span> <span class='ocrx_word' id='word_1_107' title='bbox 721 1896 1102 1967; x_wconf 89' lang='lat' dir='ltr'><strong>nominibus</strong></span> <span class='ocrx_word' id='word_1_108' title='bbox 1163 1899 1220 1966; x_wconf 91' lang='lat' dir='ltr'><strong>si</strong></span> <span class='ocrx_word' id='word_1_109' title='bbox 1283 1920 1440 1968; x_wconf 87' lang='lat' dir='ltr'><strong>usus</strong></span> <span class='ocrx_word' id='word_1_110' title='bbox 1493 1906 1666 1966; x_wconf 81' lang='lat' dir='ltr'><strong>esset</strong></span> <span class='ocrx_word' id='word_1_111' title='bbox 1679 1946 1703 1984; x_wconf 94' lang='lat'><strong>,</strong></span> <span class='ocrx_word' id='word_1_112' title='bbox 1779 1920 1961 1967; x_wconf 83' lang='lat' dir='ltr'><strong>nova</strong></span> <span class='ocrx_word' id='word_1_113' title='bbox 2014 1899 2136 1967; x_wconf 87' lang='lat' dir='ltr'><strong>illa</strong></span> <span class='ocrx_word' id='word_1_114' title='bbox 2204 1907 2275 1968; x_wconf 87' lang='grc'><strong>01</strong></span> <span class='ocrx_word' id='word_1_115' title='bbox 2345 1901 2615 1970; x_wconf 82' lang='grc'><strong>10001110</strong></span> 
     </span>
     <span class='ocr_line' id='line_1_15' title="bbox 365 2001 2615 2093; baseline 0 -23"><span class='ocrx_word' id='word_1_116' title='bbox 365 2001 643 2070; x_wconf 88' lang='grc'><strong>0001100</strong></span> <span class='ocrx_word' id='word_1_117' title='bbox 691 2002 1127 2070; x_wconf 71' lang='lat' dir='ltr'><strong>attentionem</strong></span> <span class='ocrx_word' id='word_1_118' title='bbox 1176 2011 1639 2093; x_wconf 85' lang='lat' dir='ltr'><strong>spectatorum</strong></span> <span class='ocrx_word' id='word_1_119' title='bbox 1690 2002 1780 2069; x_wconf 86' lang='lat' dir='ltr'><strong>ab</strong></span> <span class='ocrx_word' id='word_1_120' title='bbox 1832 2024 1940 2088; x_wconf 90' lang='lat' dir='ltr'><strong>eo,</strong></span> <span class='ocrx_word' id='word_1_121' title='bbox 1992 2001 2180 2071; x_wconf 84' lang='lat' dir='ltr'><strong>euius</strong></span> <span class='ocrx_word' id='word_1_122' title='bbox 2228 2023 2460 2073; x_wconf 83' lang='lat' dir='ltr'><strong>caussa</strong></span> <span class='ocrx_word' id='word_1_123' title='bbox 2506 2003 2615 2071; x_wconf 83' lang='lat' dir='ltr'><strong>isti</strong></span> 
     </span>
    </p>
   </div>
   <div class='ocr_carea' id='block_1_5' title="bbox 275 2104 2617 2199">
    <p class='ocr_par' dir='ltr' id='par_1_5' title="bbox 275 2104 2617 2199">
     <span class='ocr_line' id='line_1_16' title="bbox 275 2104 2617 2199; baseline 0.001 -24"><span class='ocrx_word' id='word_1_124' title='bbox 275 2171 279 2175; x_wconf 20' lang='lat'><strong>⁴</strong></span> <span class='ocrx_word' id='word_1_125' title='bbox 366 2104 463 2172; x_wconf 89' lang='lat' dir='ltr'><strong>dii</strong></span> <span class='ocrx_word' id='word_1_126' title='bbox 511 2113 1161 2190; x_wconf 71' lang='lat' dir='ltr'><strong>commemorantur,</strong></span> <span class='ocrx_word' id='word_1_127' title='bbox 1223 2111 1603 2190; x_wconf 74' lang='lat' dir='ltr'><strong>avocasset,</strong></span> <span class='ocrx_word' id='word_1_128' title='bbox 1669 2112 1739 2174; x_wconf 90' lang='lat' dir='ltr'><strong>et</strong></span> <span class='ocrx_word' id='word_1_129' title='bbox 1800 2105 2319 2198; x_wconf 79' lang='lat' dir='ltr'><strong>cogitationibus</strong></span> <span class='ocrx_word' id='word_1_130' title='bbox 2379 2106 2617 2199; x_wconf 85' lang='lat' dir='ltr'><strong>impli-</strong></span> 
     </span>
    </p>
   </div>
   <div class='ocr_carea' id='block_1_6' title="bbox 363 2207 2613 2612">
    <p class='ocr_par' dir='ltr' id='par_1_6' title="bbox 363 2207 2613 2612">
     <span class='ocr_line' id='line_1_17' title="bbox 366 2207 2613 2294; baseline -0.001 -14"><span class='ocrx_word' id='word_1_131' title='bbox 366 2215 584 2280; x_wconf 68' lang='lat' dir='ltr'><strong>cesset</strong></span> <span class='ocrx_word' id='word_1_132' title='bbox 630 2207 1082 2277; x_wconf 77' lang='lat' dir='ltr'><strong>alienissimis:</strong></span> <span class='ocrx_word' id='word_1_133' title='bbox 1131 2209 1339 2280; x_wconf 78' lang='lat' dir='ltr'><strong>veluti</strong></span> <span class='ocrx_word' id='word_1_134' title='bbox 1391 2209 1448 2278; x_wconf 92' lang='lat' dir='ltr'><strong>si</strong></span> <span class='ocrx_word' id='word_1_135' title='bbox 1495 2211 1779 2294; x_wconf 86' lang='lat' dir='ltr'><strong>Atossa,</strong></span> <span class='ocrx_word' id='word_1_136' title='bbox 1844 2217 2179 2278; x_wconf 56' lang='lat' dir='ltr'><strong>omentum</strong></span> <span class='ocrx_word' id='word_1_137' title='bbox 2224 2209 2352 2277; x_wconf 89' lang='lat' dir='ltr'><strong>sibi</strong></span> <span class='ocrx_word' id='word_1_138' title='bbox 2399 2211 2613 2279; x_wconf 84' lang='lat' dir='ltr'><strong>visum</strong></span> 
     </span>
     <span class='ocr_line' id='line_1_18' title="bbox 365 2307 2611 2407; baseline 0.001 -28"><span class='ocrx_word' id='word_1_139' title='bbox 365 2309 751 2407; x_wconf 83' lang='lat' dir='ltr'><strong>describens</strong></span> <span class='ocrx_word' id='word_1_140' title='bbox 764 2360 787 2398; x_wconf 92' lang='lat'><strong>,</strong></span> <span class='ocrx_word' id='word_1_141' title='bbox 849 2334 981 2407; x_wconf 83' lang='lat' dir='ltr'><strong>pro</strong></span> <span class='ocrx_word' id='word_1_142' title='bbox 1041 2311 1338 2383; x_wconf 86' lang='lat' dir='ltr'><strong>Phoebo</strong></span> <span class='ocrx_word' id='word_1_143' title='bbox 1404 2307 1742 2381; x_wconf 75' lang='lat' dir='ltr'><strong>Mithram</strong></span> <span class='ocrx_word' id='word_1_144' title='bbox 1802 2311 2198 2382; x_wconf 87' lang='lat' dir='ltr'><strong>nominaret.</strong></span> <span class='ocrx_word' id='word_1_145' title='bbox 2296 2312 2407 2382; x_wconf 81' lang='lat' dir='ltr'><strong>Ex</strong></span> <span class='ocrx_word' id='word_1_146' title='bbox 2469 2335 2611 2404; x_wconf 88' lang='lat' dir='ltr'><strong>quo</strong></span> 
     </span>
     <span class='ocr_line' id='line_1_19' title="bbox 363 2413 2611 2508; baseline 0.002 -26"><span class='ocrx_word' id='word_1_147' title='bbox 363 2415 525 2486; x_wconf 83' lang='lat' dir='ltr'><strong>loco</strong></span> <span class='ocrx_word' id='word_1_148' title='bbox 603 2414 996 2508; x_wconf 78' lang='lat' dir='ltr'><strong>intelligitur</strong></span> <span class='ocrx_word' id='word_1_149' title='bbox 1009 2463 1033 2501; x_wconf 94' lang='lat'><strong>,</strong></span> <span class='ocrx_word' id='word_1_150' title='bbox 1106 2437 1197 2484; x_wconf 89' lang='lat' dir='ltr'><strong>ne</strong></span> <span class='ocrx_word' id='word_1_151' title='bbox 1234 2424 1554 2499; x_wconf 47' lang='lat' dir='ltr'><strong>,statuam</strong></span> <span class='ocrx_word' id='word_1_152' title='bbox 1620 2413 1904 2504; x_wconf 89' lang='lat' dir='ltr'><strong>quidem</strong></span> <span class='ocrx_word' id='word_1_153' title='bbox 1978 2414 2321 2508; x_wconf 77' lang='lat' dir='ltr'><strong>Apollinis</strong></span> <span class='ocrx_word' id='word_1_154' title='bbox 2335 2462 2359 2501; x_wconf 91' lang='lat'><strong>,</strong></span> <span class='ocrx_word' id='word_1_155' title='bbox 2431 2437 2611 2506; x_wconf 84' lang='lat' dir='ltr'><strong>quae</strong></span> 
     </span>
     <span class='ocr_line' id='line_1_20' title="bbox 365 2517 2609 2612; baseline -0 -24"><span class='ocrx_word' id='word_1_156' title='bbox 365 2527 516 2588; x_wconf 83' lang='grc'><strong>0010</strong></span> <span class='ocrx_word' id='word_1_157' title='bbox 554 2517 764 2586; x_wconf 82' lang='lat' dir='ltr'><strong>aedes</strong></span> <span class='ocrx_word' id='word_1_158' title='bbox 809 2520 1038 2612; x_wconf 82' lang='lat' dir='ltr'><strong>regias</strong></span> <span class='ocrx_word' id='word_1_159' title='bbox 1086 2518 1389 2611; x_wconf 51' lang='lat' dir='ltr'><strong>conwici</strong></span> <span class='ocrx_word' id='word_1_160' title='bbox 1436 2518 1704 2590; x_wconf 89' lang='lat' dir='ltr'><strong>solebat</strong></span> <span class='ocrx_word' id='word_1_161' title='bbox 1718 2564 1741 2602; x_wconf 92' lang='lat'><strong>,</strong></span> <span class='ocrx_word' id='word_1_162' title='bbox 1788 2528 2123 2587; x_wconf 89' lang='lat' dir='ltr'><strong>remotam</strong></span> <span class='ocrx_word' id='word_1_163' title='bbox 2153 2517 2381 2588; x_wconf 79' lang='lat' dir='ltr'><strong>fuisse.</strong></span> <span class='ocrx_word' id='word_1_164' title='bbox 2429 2518 2609 2589; x_wconf 81' lang='lat' dir='ltr'><strong>Nam</strong></span> 
     </span>
    </p>
   </div>
   <div class='ocr_carea' id='block_1_7' title="bbox 302 2620 2610 2712">
    <p class='ocr_par' dir='ltr' id='par_1_7' title="bbox 302 2620 2610 2712">
     <span class='ocr_line' id='line_1_21' title="bbox 302 2620 2610 2712; baseline -0 -21"><span class='ocrx_word' id='word_1_165' title='bbox 302 2682 308 2691; x_wconf 91' lang='lat'><strong>.</strong></span> <span class='ocrx_word' id='word_1_166' title='bbox 363 2621 640 2692; x_wconf 72' lang='lat' dir='ltr'><strong>Graeco</strong></span> <span class='ocrx_word' id='word_1_167' title='bbox 684 2620 965 2711; x_wconf 85' lang='lat' dir='ltr'><strong>quidem</strong></span> <span class='ocrx_word' id='word_1_168' title='bbox 1017 2621 1282 2691; x_wconf 90' lang='lat' dir='ltr'><strong>homini</strong></span> <span class='ocrx_word' id='word_1_169' title='bbox 1354 2629 1556 2690; x_wconf 83' lang='lat' dir='ltr'><strong>tanto·</strong></span> <span class='ocrx_word' id='word_1_170' title='bbox 1608 2622 1832 2712; x_wconf 81' lang='lat' dir='ltr'><strong>magis</strong></span> <span class='ocrx_word' id='word_1_171' title='bbox 1919 2620 2180 2693; x_wconf 88' lang='lat' dir='ltr'><strong>licitum</strong></span> <span class='ocrx_word' id='word_1_172' title='bbox 2245 2629 2392 2690; x_wconf 81' lang='lat' dir='ltr'><strong>erat</strong></span> <span class='ocrx_word' id='word_1_173' title='bbox 2450 2643 2610 2690; x_wconf 87' lang='lat' dir='ltr'><strong>suos</strong></span> 
     </span>
    </p>
   </div>
   <div class='ocr_carea' id='block_1_8' title="bbox 362 2723 2743 3334">
    <p class='ocr_par' dir='ltr' id='par_1_8' title="bbox 362 2723 2699 3334">
     <span class='ocr_line' id='line_1_22' title="bbox 364 2723 2606 2818; baseline -0 -24"><span class='ocrx_word' id='word_1_174' title='bbox 364 2725 534 2795; x_wconf 90' lang='lat' dir='ltr'><strong>deos</strong></span> <span class='ocrx_word' id='word_1_175' title='bbox 570 2726 939 2817; x_wconf 80' lang='lat' dir='ltr'><strong>peregrino</strong></span> <span class='ocrx_word' id='word_1_176' title='bbox 990 2726 1258 2818; x_wconf 89' lang='lat' dir='ltr'><strong>populo</strong></span> <span class='ocrx_word' id='word_1_177' title='bbox 1310 2725 1753 2797; x_wconf 82' lang='lat' dir='ltr'><strong>commodare</strong></span> <span class='ocrx_word' id='word_1_178' title='bbox 1766 2773 1787 2812; x_wconf 92' lang='lat'><strong>,</strong></span> <span class='ocrx_word' id='word_1_179' title='bbox 1837 2725 2029 2815; x_wconf 88' lang='lat' dir='ltr'><strong>quod</strong></span> <span class='ocrx_word' id='word_1_180' title='bbox 2073 2732 2152 2794; x_wconf 89' lang='lat' dir='ltr'><strong>ut</strong></span> <span class='ocrx_word' id='word_1_181' title='bbox 2190 2723 2304 2793; x_wconf 86' lang='lat' dir='ltr'><strong>vel</strong></span> <span class='ocrx_word' id='word_1_182' title='bbox 2349 2746 2433 2794; x_wconf 86' lang='lat' dir='ltr'><strong>ex</strong></span> <span class='ocrx_word' id='word_1_183' title='bbox 2454 2724 2606 2793; x_wconf 75' lang='lat' dir='ltr'><strong>He·-</strong></span> 
     </span>
     <span class='ocr_line' id='line_1_23' title="bbox 364 2827 2608 2923; baseline -0 -25"><span class='ocrx_word' id='word_1_184' title='bbox 364 2828 614 2898; x_wconf 85' lang='lat' dir='ltr'><strong>rodoto</strong></span> <span class='ocrx_word' id='word_1_185' title='bbox 661 2829 1090 2923; x_wconf 83' lang='lat' dir='ltr'><strong>intelligitur,</strong></span> <span class='ocrx_word' id='word_1_186' title='bbox 1140 2831 1413 2899; x_wconf 88' lang='lat' dir='ltr'><strong>nomina</strong></span> <span class='ocrx_word' id='word_1_187' title='bbox 1454 2829 1574 2899; x_wconf 88' lang='lat' dir='ltr'><strong>illa</strong></span> <span class='ocrx_word' id='word_1_188' title='bbox 1611 2828 1708 2897; x_wconf 83' lang='lat' dir='ltr'><strong>ita</strong></span> <span class='ocrx_word' id='word_1_189' title='bbox 1761 2829 2149 2898; x_wconf 85' lang='lat' dir='ltr'><strong>muneribus</strong></span> <span class='ocrx_word' id='word_1_190' title='bbox 2202 2827 2608 2918; x_wconf 81' lang='lat' dir='ltr'><strong>quibusdam</strong></span> 
     </span>
     <span class='ocr_line' id='line_1_24' title="bbox 365 2928 2681 3025; baseline -0.001 -23"><span class='ocrx_word' id='word_1_191' title='bbox 365 2942 438 3002; x_wconf 88' lang='lat' dir='ltr'><strong>et</strong></span> <span class='ocrx_word' id='word_1_192' title='bbox 465 2933 907 3023; x_wconf 85' lang='lat' dir='ltr'><strong>potestatibus</strong></span> <span class='ocrx_word' id='word_1_193' title='bbox 948 2933 1296 3003; x_wconf 82' lang='lat' dir='ltr'><strong>numinum</strong></span> <span class='ocrx_word' id='word_1_194' title='bbox 1330 2928 1788 3025; x_wconf 81' lang='lat' dir='ltr'><strong>significandis</strong></span> <span class='ocrx_word' id='word_1_195' title='bbox 1827 2932 2308 3018; x_wconf 84' lang='lat' dir='ltr'><strong>inserviebant,</strong></span> <span class='ocrx_word' id='word_1_196' title='bbox 2359 2940 2436 3001; x_wconf 87' lang='lat' dir='ltr'><strong>ut</strong></span> <span class='ocrx_word' id='word_1_197' title='bbox 2469 2953 2609 3000; x_wconf 90' lang='lat' dir='ltr'><strong>non</strong></span> <span class='ocrx_word' id='word_1_198' title='bbox 2675 2944 2681 2953; x_wconf 83' lang='lat'><strong><em>‘</em></strong></span> 
     </span>
     <span class='ocr_line' id='line_1_25' title="bbox 363 3034 2609 3129; baseline -0.002 -23"><span class='ocrx_word' id='word_1_199' title='bbox 363 3036 611 3106; x_wconf 74' lang='grc'><strong>11111001</strong></span> <span class='ocrx_word' id='word_1_200' title='bbox 650 3035 934 3109; x_wconf 85' lang='lat' dir='ltr'><strong>Graecis</strong></span> <span class='ocrx_word' id='word_1_201' title='bbox 957 3037 1338 3122; x_wconf 81' lang='lat' dir='ltr'><strong>videretur,</strong></span> <span class='ocrx_word' id='word_1_202' title='bbox 1389 3034 1670 3105; x_wconf 88' lang='lat' dir='ltr'><strong>eosdem</strong></span> <span class='ocrx_word' id='word_1_203' title='bbox 1709 3034 1880 3106; x_wconf 87' lang='lat' dir='ltr'><strong>deos</strong></span> <span class='ocrx_word' id='word_1_204' title='bbox 1919 3035 2107 3129; x_wconf 88' lang='lat' dir='ltr'><strong>apud</strong></span> <span class='ocrx_word' id='word_1_205' title='bbox 2144 3035 2304 3103; x_wconf 82' lang='lat' dir='ltr'><strong>alias</strong></span> <span class='ocrx_word' id='word_1_206' title='bbox 2331 3056 2609 3124; x_wconf 83' lang='lat' dir='ltr'><strong>quoque</strong></span> 
     </span>
     <span class='ocr_line' id='line_1_26' title="bbox 362 3138 2743 3233; baseline -0.002 -24"><span class='ocrx_word' id='word_1_207' title='bbox 362 3148 599 3233; x_wconf 84' lang='lat' dir='ltr'><strong>gentes</strong></span> <span class='ocrx_word' id='word_1_208' title='bbox 648 3141 809 3209; x_wconf 90' lang='lat' dir='ltr'><strong>coli.</strong></span> <span class='ocrx_word' id='word_1_209' title='bbox 908 3139 1052 3210; x_wconf 87' lang='lat' dir='ltr'><strong>Sed</strong></span> <span class='ocrx_word' id='word_1_210' title='bbox 1102 3149 1178 3209; x_wconf 88' lang='lat' dir='ltr'><strong>ut</strong></span> <span class='ocrx_word' id='word_1_211' title='bbox 1242 3140 1420 3209; x_wconf 88' lang='lat' dir='ltr'><strong>haec</strong></span> <span class='ocrx_word' id='word_1_212' title='bbox 1477 3139 1816 3231; x_wconf 85' lang='lat' dir='ltr'><strong>sapienter</strong></span> <span class='ocrx_word' id='word_1_213' title='bbox 1866 3140 2152 3208; x_wconf 83' lang='lat' dir='ltr'><strong>servavit</strong></span> <span class='ocrx_word' id='word_1_214' title='bbox 2193 3150 2404 3230; x_wconf 81' lang='lat' dir='ltr'><strong>poeta</strong></span> <span class='ocrx_word' id='word_1_215' title='bbox 2418 3186 2443 3228; x_wconf 91' lang='lat'><strong>,</strong></span> <span class='ocrx_word' id='word_1_216' title='bbox 2503 3138 2600 3206; x_wconf 88' lang='lat' dir='ltr'><strong>ita</strong></span> <span class='ocrx_word' id='word_1_217' title='bbox 2614 3141 2743 3233; x_wconf 66' lang='grc' dir='ltr'><strong>ῙἿΙ</strong></span> 
     </span>
     <span class='ocr_line' id='line_1_27' title="bbox 362 3241 2619 3334; baseline -0.001 -22"><span class='ocrx_word' id='word_1_218' title='bbox 362 3262 500 3312; x_wconf 89' lang='lat' dir='ltr'><strong>non</strong></span> <span class='ocrx_word' id='word_1_219' title='bbox 548 3243 769 3311; x_wconf 87' lang='lat' dir='ltr'><strong>minus</strong></span> <span class='ocrx_word' id='word_1_220' title='bbox 817 3245 1170 3314; x_wconf 86' lang='lat' dir='ltr'><strong>subactum</strong></span> <span class='ocrx_word' id='word_1_221' title='bbox 1217 3241 1545 3312; x_wconf 88' lang='lat' dir='ltr'><strong>iudicium</strong></span> <span class='ocrx_word' id='word_1_222' title='bbox 1591 3243 1901 3334; x_wconf 81' lang='lat' dir='ltr'><strong>prodidit</strong></span> <span class='ocrx_word' id='word_1_223' title='bbox 1958 3243 2030 3309; x_wconf 91' lang='lat' dir='ltr'><strong>in</strong></span> <span class='ocrx_word' id='word_1_224' title='bbox 2074 3242 2194 3327; x_wconf 88' lang='lat' dir='ltr'><strong>iis,</strong></span> <span class='ocrx_word' id='word_1_225' title='bbox 2244 3242 2317 3311; x_wconf 87' lang='lat' dir='ltr'><strong>in</strong></span> <span class='ocrx_word' id='word_1_226' title='bbox 2365 3241 2619 3329; x_wconf 83' lang='lat' dir='ltr'><strong>quibus·</strong></span> 
     </span>
    </p>
   </div>
   <div class='ocr_carea' id='block_1_9' title="bbox 197 3345 2734 3539">
    <p class='ocr_par' dir='ltr' id='par_1_9' title="bbox 197 3345 2734 3539">
     <span class='ocr_line' id='line_1_28' title="bbox 197 3345 2606 3445; baseline -0.003 -27"><span class='ocrx_word' id='word_1_227' title='bbox 197 3386 214 3403; x_wconf 59' lang='grc' dir='ltr'>ι</span> <span class='ocrx_word' id='word_1_228' title='bbox 363 3345 788 3445; x_wconf 81' lang='lat' dir='ltr'><strong>adumbravit</strong></span> <span class='ocrx_word' id='word_1_229' title='bbox 834 3347 1128 3439; x_wconf 82' lang='lat' dir='ltr'><strong>aliquam</strong></span> <span class='ocrx_word' id='word_1_230' title='bbox 1169 3345 1664 3439; x_wconf 81' lang='lat' dir='ltr'><strong>peregrinitatis</strong></span> <span class='ocrx_word' id='word_1_231' title='bbox 1699 3346 2018 3438; x_wconf 83' lang='lat' dir='ltr'><strong>speciem.</strong></span> <span class='ocrx_word' id='word_1_232' title='bbox 2118 3345 2410 3413; x_wconf 23' lang='lat' dir='ltr'><strong>Horum,</strong></span> <span class='ocrx_word' id='word_1_233' title='bbox 2439 3366 2606 3434; x_wconf 85' lang='lat' dir='ltr'><strong>par·-</strong></span> 
     </span>
     <span class='ocr_line' id='line_1_29' title="bbox 361 3447 2734 3539; baseline 0 -20"><span class='ocrx_word' id='word_1_234' title='bbox 361 3450 483 3519; x_wconf 88' lang='lat' dir='ltr'><strong>tim</strong></span> <span class='ocrx_word' id='word_1_235' title='bbox 525 3448 861 3520; x_wconf 89' lang='lat' dir='ltr'><strong>eiusmodi</strong></span> <span class='ocrx_word' id='word_1_236' title='bbox 893 3460 1043 3521; x_wconf 88' lang='lat' dir='ltr'><strong>sunt</strong></span> <span class='ocrx_word' id='word_1_237' title='bbox 1057 3499 1081 3537; x_wconf 93' lang='lat'><strong>,</strong></span> <span class='ocrx_word' id='word_1_238' title='bbox 1128 3459 1206 3518; x_wconf 88' lang='lat' dir='ltr'><strong>ut</strong></span> <span class='ocrx_word' id='word_1_239' title='bbox 1243 3449 1654 3519; x_wconf 87' lang='lat' dir='ltr'><strong>admoneant</strong></span> <span class='ocrx_word' id='word_1_240' title='bbox 1686 3458 1946 3518; x_wconf 89' lang='lat' dir='ltr'><strong>tantum</strong></span> <span class='ocrx_word' id='word_1_241' title='bbox 1976 3447 2068 3516; x_wconf 88' lang='lat' dir='ltr'><strong>de</strong></span> <span class='ocrx_word' id='word_1_242' title='bbox 2096 3447 2602 3539; x_wconf 82' lang='lat' dir='ltr'><strong>peregrinitate,</strong></span> <span class='ocrx_word' id='word_1_243' title='bbox 2731 3517 2734 3520; x_wconf 78' lang='grc'><strong>,</strong></span> 
     </span>
    </p>
   </div>
   <div class='ocr_carea' id='block_1_10' title="bbox 362 3547 2707 4580">
    <p class='ocr_par' dir='ltr' id='par_1_10' title="bbox 362 3547 2707 4580">
     <span class='ocr_line' id='line_1_30' title="bbox 364 3547 2604 3648; baseline -0.003 -24"><span class='ocrx_word' id='word_1_244' title='bbox 364 3553 555 3643; x_wconf 89' lang='lat' dir='ltr'><strong>quod</strong></span> <span class='ocrx_word' id='word_1_245' title='bbox 601 3576 817 3646; x_wconf 82' lang='lat' dir='ltr'><strong>genus</strong></span> <span class='ocrx_word' id='word_1_246' title='bbox 873 3554 945 3624; x_wconf 87' lang='lat' dir='ltr'><strong>in</strong></span> <span class='ocrx_word' id='word_1_247' title='bbox 988 3554 1219 3648; x_wconf 88' lang='lat' dir='ltr'><strong>primis</strong></span> <span class='ocrx_word' id='word_1_248' title='bbox 1271 3554 1606 3645; x_wconf 83' lang='lat' dir='ltr'><strong>placuisse</strong></span> <span class='ocrx_word' id='word_1_249' title='bbox 1661 3553 1949 3622; x_wconf 84' lang='lat' dir='ltr'><strong>Graecis</strong></span> <span class='ocrx_word' id='word_1_250' title='bbox 2009 3550 2344 3619; x_wconf 73' lang='lat' dir='ltr'><strong>videmusz</strong></span> <span class='ocrx_word' id='word_1_251' title='bbox 2419 3547 2604 3618; x_wconf 87' lang='grc'><strong>00110</strong></span> 
     </span>
     <span class='ocr_line' id='line_1_31' title="bbox 362 3651 2604 3749; baseline -0.003 -24"><span class='ocrx_word' id='word_1_252' title='bbox 362 3657 658 3749; x_wconf 88' lang='lat' dir='ltr'><strong>pictores</strong></span> <span class='ocrx_word' id='word_1_253' title='bbox 706 3679 981 3747; x_wconf 88' lang='lat' dir='ltr'><strong>quoque</strong></span> <span class='ocrx_word' id='word_1_254' title='bbox 1027 3667 1097 3727; x_wconf 90' lang='lat' dir='ltr'><strong>et</strong></span> <span class='ocrx_word' id='word_1_255' title='bbox 1146 3656 1441 3726; x_wconf 83' lang='lat' dir='ltr'><strong>statuarii</strong></span> <span class='ocrx_word' id='word_1_256' title='bbox 1484 3657 1698 3725; x_wconf 84' lang='lat' dir='ltr'><strong>multa</strong></span> <span class='ocrx_word' id='word_1_257' title='bbox 1743 3655 2037 3748; x_wconf 76' lang='lat' dir='ltr'><strong>figurate</strong></span> <span class='ocrx_word' id='word_1_258' title='bbox 2074 3653 2402 3722; x_wconf 81' lang='lat' dir='ltr'><strong>indicasse</strong></span> <span class='ocrx_word' id='word_1_259' title='bbox 2443 3651 2604 3720; x_wconf 84' lang='lat' dir='ltr'><strong>satis</strong></span> 
     </span>
     <span class='ocr_line' id='line_1_32' title="bbox 363 3755 2602 3850; baseline -0.002 -22"><span class='ocrx_word' id='word_1_260' title='bbox 363 3759 764 3831; x_wconf 87' lang='lat' dir='ltr'><strong>habuerunt.</strong></span> <span class='ocrx_word' id='word_1_261' title='bbox 868 3761 1049 3832; x_wconf 83' lang='lat' dir='ltr'><strong>Tale</strong></span> <span class='ocrx_word' id='word_1_262' title='bbox 1100 3768 1233 3847; x_wconf 90' lang='lat' dir='ltr'><strong>est,</strong></span> <span class='ocrx_word' id='word_1_263' title='bbox 1285 3759 1475 3850; x_wconf 87' lang='lat' dir='ltr'><strong>quod</strong></span> <span class='ocrx_word' id='word_1_264' title='bbox 1502 3759 2108 3849; x_wconf 79' lang='lat' dir='ltr'><strong>Mariandynomm</strong></span> <span class='ocrx_word' id='word_1_265' title='bbox 2147 3755 2602 3846; x_wconf 80' lang='lat' dir='ltr'><strong>querimonias</strong></span> 
     </span>
     <span class='ocr_line' id='line_1_33' title="bbox 364 3858 2707 3959; baseline -0.003 -24"><span class='ocrx_word' id='word_1_266' title='bbox 364 3859 901 3953; x_wconf 80' lang='lat' dir='ltr'><strong>commemorat,</strong></span> <span class='ocrx_word' id='word_1_267' title='bbox 960 3864 1075 3934; x_wconf 84' lang='lat' dir='ltr'><strong>vel</strong></span> <span class='ocrx_word' id='word_1_268' title='bbox 1123 3865 1512 3959; x_wconf 81' lang='lat' dir='ltr'><strong>barbaricos</strong></span> <span class='ocrx_word' id='word_1_269' title='bbox 1569 3863 1740 3934; x_wconf 89' lang='lat' dir='ltr'><strong>dicit</strong></span> <span class='ocrx_word' id='word_1_270' title='bbox 1793 3863 2131 3933; x_wconf 85' lang='lat' dir='ltr'><strong>clamores·</strong></span> <span class='ocrx_word' id='word_1_271' title='bbox 2180 3869 2250 3929; x_wconf 89' lang='lat' dir='ltr'><strong>et</strong></span> <span class='ocrx_word' id='word_1_272' title='bbox 2320 3858 2602 3929; x_wconf 84' lang='lat' dir='ltr'><strong>eiulatus</strong></span> <span class='ocrx_word' id='word_1_273' title='bbox 2703 3954 2707 3959; x_wconf 25' lang='grc' dir='ltr'>Ι</span> 
     </span>
     <span class='ocr_line' id='line_1_34' title="bbox 366 3964 2601 4060; baseline -0.003 -22"><span class='ocrx_word' id='word_1_274' title='bbox 366 3966 579 4038; x_wconf 84' lang='lat' dir='ltr'><strong>chori.</strong></span> <span class='ocrx_word' id='word_1_275' title='bbox 682 3969 842 4038; x_wconf 90' lang='lat' dir='ltr'><strong>Alio</strong></span> <span class='ocrx_word' id='word_1_276' title='bbox 913 3967 1129 4037; x_wconf 86' lang='lat' dir='ltr'><strong>modo</strong></span> <span class='ocrx_word' id='word_1_277' title='bbox 1179 3968 1620 4060; x_wconf 86' lang='lat' dir='ltr'><strong>peregrinum</strong></span> <span class='ocrx_word' id='word_1_278' title='bbox 1670 3965 1979 4035; x_wconf 88' lang='lat' dir='ltr'><strong>colorem</strong></span> <span class='ocrx_word' id='word_1_279' title='bbox 2013 3964 2342 4035; x_wconf 81' lang='lat' dir='ltr'><strong>inducunt</strong></span> <span class='ocrx_word' id='word_1_280' title='bbox 2386 3985 2601 4032; x_wconf 83' lang='lat' dir='ltr'><strong>voea-</strong></span> 
     </span>
     <span class='ocr_line' id='line_1_35' title="bbox 365 4067 2600 4164; baseline -0.002 -25"><span class='ocrx_word' id='word_1_281' title='bbox 365 4071 528 4140; x_wconf 85' lang='lat' dir='ltr'><strong>bula</strong></span> <span class='ocrx_word' id='word_1_282' title='bbox 570 4072 681 4157; x_wconf 73' lang='lat' dir='ltr'><strong>yel</strong></span> <span class='ocrx_word' id='word_1_283' title='bbox 725 4092 884 4142; x_wconf 83' lang='lat' dir='ltr'><strong>vere</strong></span> <span class='ocrx_word' id='word_1_284' title='bbox 929 4073 1328 4164; x_wconf 78' lang='lat' dir='ltr'><strong>peregrina,</strong></span> <span class='ocrx_word' id='word_1_285' title='bbox 1407 4070 1521 4140; x_wconf 86' lang='lat' dir='ltr'><strong>vel</strong></span> <span class='ocrx_word' id='word_1_286' title='bbox 1576 4077 1907 4138; x_wconf 84' lang='lat' dir='ltr'><strong>vetustate</strong></span> <span class='ocrx_word' id='word_1_287' title='bbox 1953 4069 2260 4137; x_wconf 85' lang='lat' dir='ltr'><strong>obsoleta</strong></span> <span class='ocrx_word' id='word_1_288' title='bbox 2278 4115 2301 4153; x_wconf 99' lang='lat'><strong>,</strong></span> <span class='ocrx_word' id='word_1_289' title='bbox 2375 4067 2600 4137; x_wconf 85' lang='lat' dir='ltr'><strong>cuius-</strong></span> 
     </span>
     <span class='ocr_line' id='line_1_36' title="bbox 367 4169 2598 4270; baseline -0.002 -28"><span class='ocrx_word' id='word_1_290' title='bbox 367 4176 555 4243; x_wconf 89' lang='lat' dir='ltr'><strong>modi</strong></span> <span class='ocrx_word' id='word_1_291' title='bbox 601 4169 1024 4270; x_wconf 65' lang='grc' dir='ltr'><strong>0001βαλήν</strong></span> <span class='ocrx_word' id='word_1_292' title='bbox 1082 4184 1153 4244; x_wconf 88' lang='grc'><strong>01</strong></span> <span class='ocrx_word' id='word_1_293' title='bbox 1186 4172 1443 4254; x_wconf 53' lang='lat' dir='ltr'><strong>”larse</strong></span> <span class='ocrx_word' id='word_1_294' title='bbox 1547 4171 1729 4242; x_wconf 89' lang='lat' dir='ltr'><strong>Cum</strong></span> <span class='ocrx_word' id='word_1_295' title='bbox 1788 4171 1895 4241; x_wconf 90' lang='lat' dir='ltr'><strong>his</strong></span> <span class='ocrx_word' id='word_1_296' title='bbox 1944 4172 2304 4242; x_wconf 88' lang='lat' dir='ltr'><strong>coniuncta</strong></span> <span class='ocrx_word' id='word_1_297' title='bbox 2348 4179 2448 4241; x_wconf 87' lang='lat' dir='ltr'><strong>est</strong></span> <span class='ocrx_word' id='word_1_298' title='bbox 2489 4192 2598 4238; x_wconf 90' lang='lat' dir='ltr'><strong>res</strong></span> 
     </span>
     <span class='ocr_line' id='line_1_37' title="bbox 364 4271 2595 4371; baseline -0.002 -27"><span class='ocrx_word' id='word_1_299' title='bbox 364 4278 432 4344; x_wconf 92' lang='lat' dir='ltr'><strong>in</strong></span> <span class='ocrx_word' id='word_1_300' title='bbox 471 4279 705 4371; x_wconf 91' lang='lat' dir='ltr'><strong>primis</strong></span> <span class='ocrx_word' id='word_1_301' title='bbox 749 4278 1063 4347; x_wconf 89' lang='lat' dir='ltr'><strong>notabilis</strong></span> <span class='ocrx_word' id='word_1_302' title='bbox 1079 4326 1102 4364; x_wconf 91' lang='lat'><strong>,</strong></span> <span class='ocrx_word' id='word_1_303' title='bbox 1149 4276 1683 4346; x_wconf 87' lang='lat' dir='ltr'><strong>interiectionum</strong></span> <span class='ocrx_word' id='word_1_304' title='bbox 1727 4275 2098 4345; x_wconf 87' lang='lat' dir='ltr'><strong>insolentia.</strong></span> <span class='ocrx_word' id='word_1_305' title='bbox 2216 4275 2375 4343; x_wconf 87' lang='lat' dir='ltr'><strong>Hae</strong></span> <span class='ocrx_word' id='word_1_306' title='bbox 2417 4271 2595 4340; x_wconf 89' lang='lat' dir='ltr'><strong>enim</strong></span> 
     </span>
     <span class='ocr_line' id='line_1_38' title="bbox 365 4374 2593 4470; baseline -0.003 -20"><span class='ocrx_word' id='word_1_307' title='bbox 365 4382 651 4452; x_wconf 77' lang='lat' dir='ltr'><strong>voculae</strong></span> <span class='ocrx_word' id='word_1_308' title='bbox 677 4383 997 4470; x_wconf 86' lang='lat' dir='ltr'><strong>quoniam</strong></span> <span class='ocrx_word' id='word_1_309' title='bbox 1026 4382 1165 4450; x_wconf 91' lang='grc'><strong>1100</strong></span> <span class='ocrx_word' id='word_1_310' title='bbox 1195 4381 1545 4449; x_wconf 85' lang='lat' dir='ltr'><strong>notionum</strong></span> <span class='ocrx_word' id='word_1_311' title='bbox 1573 4388 1758 4467; x_wconf 87' lang='lat' dir='ltr'><strong>sunt,</strong></span> <span class='ocrx_word' id='word_1_312' title='bbox 1805 4377 1925 4448; x_wconf 86' lang='lat' dir='ltr'><strong>sed</strong></span> <span class='ocrx_word' id='word_1_313' title='bbox 1966 4400 2274 4449; x_wconf 88' lang='lat' dir='ltr'><strong>sensuum</strong></span> <span class='ocrx_word' id='word_1_314' title='bbox 2315 4374 2593 4458; x_wconf 83' lang='grc'><strong>10111000,</strong></span> 
     </span>
     <span class='ocr_line' id='line_1_39' title="bbox 371 4480 2594 4580; baseline -0.003 -28"><span class='ocrx_word' id='word_1_315' title='bbox 371 4486 610 4556; x_wconf 85' lang='lat' dir='ltr'><strong>nullius</strong></span> <span class='ocrx_word' id='word_1_316' title='bbox 660 4489 810 4556; x_wconf 81' lang='lat' dir='ltr'><strong>sunt</strong></span> <span class='ocrx_word' id='word_1_317' title='bbox 859 4487 1134 4580; x_wconf 84' lang='lat' dir='ltr'><strong>linguae</strong></span> <span class='ocrx_word' id='word_1_318' title='bbox 1170 4485 1530 4578; x_wconf 84' lang='lat' dir='ltr'><strong>propriae,</strong></span> <span class='ocrx_word' id='word_1_319' title='bbox 1611 4482 1734 4565; x_wconf 83' lang='lat' dir='ltr'><strong>sed</strong></span> <span class='ocrx_word' id='word_1_320' title='bbox 1781 4506 2171 4556; x_wconf 88' lang='lat' dir='ltr'><strong>communes</strong></span> <span class='ocrx_word' id='word_1_321' title='bbox 2210 4480 2594 4571; x_wconf 80' lang='lat' dir='ltr'><strong>ling-uarum</strong></span> 
     </span>
    </p>
   </div>
  </div>
 </body>
</html>
