<?xml version="1.0" encoding="UTF-8"?>
<!DOCTYPE html PUBLIC "-//W3C//DTD XHTML 1.0 Transitional//EN"
    "http://www.w3.org/TR/xhtml1/DTD/xhtml1-transitional.dtd">
<html xmlns="http://www.w3.org/1999/xhtml" xml:lang="en" lang="en">
 <head>
  <title>
</title>
<meta http-equiv="Content-Type" content="text/html;charset=utf-8" />
  <meta name='ocr-system' content='tesseract 3.04.00' />
  <meta name='ocr-capabilities' content='ocr_page ocr_carea ocr_par ocr_line ocrx_word'/>
</head>
<body>
  <div class='ocr_page' id='page_1' title='image "./godofrediherman01fritgoog_0313.png"; bbox 0 0 3325 5317; ppageno 0'>
   <div class='ocr_carea' id='block_1_1' title="bbox 727 444 2623 561">
    <p class='ocr_par' dir='ltr' id='par_1_1' title="bbox 727 444 2623 561">
     <span class='ocr_line' id='line_1_1' title="bbox 727 444 2623 561; baseline 0.004 -18"><span class='ocrx_word' id='word_1_1' title='bbox 727 444 1564 561; x_wconf 65' lang='grc' dir='ltr'>Τετιιιιοοιιιινιι</span> <span class='ocrx_word' id='word_1_2' title='bbox 1625 466 2292 546; x_wconf 72' lang='lat' dir='ltr'><strong>raAcchnvm&#39;.</strong></span> <span class='ocrx_word' id='word_1_3' title='bbox 2490 486 2623 550; x_wconf 77' lang='lat' dir='ltr'><strong>sos</strong></span> 
     </span>
    </p>
   </div>
   <div class='ocr_carea' id='block_1_2' title="bbox 271 653 2619 747">
    <p class='ocr_par' dir='ltr' id='par_1_2' title="bbox 271 653 2619 747">
     <span class='ocr_line' id='line_1_2' title="bbox 271 653 2619 747; baseline 0 -24"><span class='ocrx_word' id='word_1_4' title='bbox 271 686 285 709; x_wconf 65' lang='grc' dir='ltr'>ι</span> <span class='ocrx_word' id='word_1_5' title='bbox 382 654 799 746; x_wconf 76' lang='lat' dir='ltr'><strong>Lycur-giam</strong></span> <span class='ocrx_word' id='word_1_6' title='bbox 814 701 836 737; x_wconf 93' lang='lat'>‚</span> <span class='ocrx_word' id='word_1_7' title='bbox 913 653 1077 723; x_wconf 90' lang='lat' dir='ltr'><strong>licet</strong></span> <span class='ocrx_word' id='word_1_8' title='bbox 1125 653 1269 723; x_wconf 90' lang='lat' dir='ltr'><strong>hoc</strong></span> <span class='ocrx_word' id='word_1_9' title='bbox 1326 676 1576 723; x_wconf 89' lang='lat' dir='ltr'><strong>nomen</strong></span> <span class='ocrx_word' id='word_1_10' title='bbox 1628 653 1721 723; x_wconf 89' lang='lat' dir='ltr'><strong>de</strong></span> <span class='ocrx_word' id='word_1_11' title='bbox 1778 655 1980 725; x_wconf 89' lang='lat' dir='ltr'><strong>rebus</strong></span> <span class='ocrx_word' id='word_1_12' title='bbox 2038 654 2344 747; x_wconf 80' lang='lat' dir='ltr'><strong>Lycurgi</strong></span> <span class='ocrx_word' id='word_1_13' title='bbox 2415 654 2619 724; x_wconf 78' lang='lat' dir='ltr'><strong>etiam</strong></span> 
     </span>
    </p>
   </div>
   <div class='ocr_carea' id='block_1_3' title="bbox 354 754 2651 2505">
    <p class='ocr_par' dir='ltr' id='par_1_3' title="bbox 378 754 2621 1055">
     <span class='ocr_line' id='line_1_3' title="bbox 382 754 2620 879; baseline 0 -52"><span class='ocrx_word' id='word_1_14' title='bbox 382 758 774 829; x_wconf 73' lang='lat' dir='ltr'><strong>scholiastes</strong></span> <span class='ocrx_word' id='word_1_15' title='bbox 816 755 907 825; x_wconf 90' lang='lat' dir='ltr'><strong>ad</strong></span> <span class='ocrx_word' id='word_1_16' title='bbox 951 754 1146 824; x_wconf 83' lang='lat' dir='ltr'><strong>llia&#39;d.</strong></span> <span class='ocrx_word' id='word_1_17' title='bbox 1199 765 1252 843; x_wconf 86' lang='grc' dir='ltr'><strong>ζ.</strong></span> <span class='ocrx_word' id='word_1_18' title='bbox 1288 755 1460 824; x_wconf 78' lang='lat'><strong>129.</strong></span> <span class='ocrx_word' id='word_1_19' title='bbox 1505 757 1622 846; x_wconf 91' lang='lat' dir='ltr'><strong>qui</strong></span> <span class='ocrx_word' id='word_1_20' title='bbox 1636 759 1998 879; x_wconf 41' lang='lat' dir='ltr'><strong>&#39;tragicum</strong></span> <span class='ocrx_word' id='word_1_21' title='bbox 2044 759 2339 848; x_wconf 79' lang='lat' dir='ltr'><strong>aliquem</strong></span> <span class='ocrx_word' id='word_1_22' title='bbox 2378 780 2620 849; x_wconf 88' lang='lat' dir='ltr'><strong>respe-</strong></span> 
     </span>
     <span class='ocr_line' id='line_1_4' title="bbox 379 854 2621 965; baseline 0 -35"><span class='ocrx_word' id='word_1_23' title='bbox 379 862 549 930; x_wconf 80' lang='lat' dir='ltr'><strong>xisse</strong></span> <span class='ocrx_word' id='word_1_24' title='bbox 575 860 874 943; x_wconf 85' lang='lat' dir='ltr'><strong>videtur,</strong></span> <span class='ocrx_word' id='word_1_25' title='bbox 928 860 1230 951; x_wconf 79' lang='lat' dir='ltr'><strong>posuerit</strong></span> <span class='ocrx_word' id='word_1_26' title='bbox 1256 857 1353 951; x_wconf 86' lang='grc'><strong>*).</strong></span> <span class='ocrx_word' id='word_1_27' title='bbox 1404 856 1583 928; x_wconf 86' lang='lat' dir='ltr'><strong>Nam</strong></span> <span class='ocrx_word' id='word_1_28' title='bbox 1633 854 1725 929; x_wconf 86' lang='lat' dir='ltr'><strong>&#39;ue</strong></span> <span class='ocrx_word' id='word_1_29' title='bbox 1749 858 2128 965; x_wconf 75' lang='grc' dir='ltr'><strong><em>Ὀρεστεία</em></strong></span> <span class='ocrx_word' id='word_1_30' title='bbox 2155 854 2437 952; x_wconf 86' lang='lat' dir='ltr'><strong>quidem</strong></span> <span class='ocrx_word' id='word_1_31' title='bbox 2476 870 2621 931; x_wconf 88' lang='lat' dir='ltr'><strong>tota</strong></span> 
     </span>
     <span class='ocr_line' id='line_1_5' title="bbox 378 956 2581 1055; baseline 0 -23"><span class='ocrx_word' id='word_1_32' title='bbox 378 964 502 1032; x_wconf 88' lang='lat' dir='ltr'><strong>illa</strong></span> <span class='ocrx_word' id='word_1_33' title='bbox 540 963 870 1053; x_wconf 81' lang='lat' dir='ltr'><strong>Aeschyli</strong></span> <span class='ocrx_word' id='word_1_34' title='bbox 912 960 1235 1054; x_wconf 85' lang='lat' dir='ltr'><strong>trilogia‚</strong></span> <span class='ocrx_word' id='word_1_35' title='bbox 1282 962 1404 1032; x_wconf 88' lang='lat' dir='ltr'><strong>sed</strong></span> <span class='ocrx_word' id='word_1_36' title='bbox 1443 972 1704 1032; x_wconf 88' lang='lat' dir='ltr'><strong>tantum</strong></span> <span class='ocrx_word' id='word_1_37' title='bbox 1721 956 2163 1055; x_wconf 84' lang='lat' dir='ltr'><strong>Choephori</strong></span> <span class='ocrx_word' id='word_1_38' title='bbox 2227 972 2297 1032; x_wconf 93' lang='lat' dir='ltr'><strong>et</strong></span> <span class='ocrx_word' id='word_1_39' title='bbox 2357 965 2581 1033; x_wconf 86' lang='lat' dir='ltr'><strong>Eume</strong></span> 
     </span>
    </p>

    <p class='ocr_par' dir='ltr' id='par_1_4' title="bbox 354 1058 2622 1367">
     <span class='ocr_line' id='line_1_6' title="bbox 354 1058 2619 1167; baseline 0 -31"><span class='ocrx_word' id='word_1_40' title='bbox 354 1068 572 1159; x_wconf 78' lang='lat' dir='ltr'><strong>¹uides</strong></span> <span class='ocrx_word' id='word_1_41' title='bbox 610 1066 832 1136; x_wconf 90' lang='lat' dir='ltr'><strong>dictae</strong></span> <span class='ocrx_word' id='word_1_42' title='bbox 876 1066 1207 1134; x_wconf 83' lang='lat' dir='ltr'><strong>videntur.</strong></span> <span class='ocrx_word' id='word_1_43' title='bbox 1310 1065 1496 1135; x_wconf 89' lang='lat' dir='ltr'><strong>Illud</strong></span> <span class='ocrx_word' id='word_1_44' title='bbox 1546 1089 1710 1135; x_wconf 82' lang='lat' dir='ltr'><strong>vero</strong></span> <span class='ocrx_word' id='word_1_45' title='bbox 1757 1088 1893 1135; x_wconf 88' lang='lat' dir='ltr'><strong>nou</strong></span> <span class='ocrx_word' id='word_1_46' title='bbox 1953 1082 2123 1167; x_wconf 89' lang='lat' dir='ltr'><strong>puto</strong></span> <span class='ocrx_word' id='word_1_47' title='bbox 2171 1058 2619 1137; x_wconf 83' lang='lat' dir='ltr'><strong>dubitandum</strong></span> 
     </span>
     <span class='ocr_line' id='line_1_7' title="bbox 381 1162 2622 1263; baseline -0 -23"><span class='ocrx_word' id='word_1_48' title='bbox 381 1193 558 1257; x_wconf 87' lang='lat' dir='ltr'><strong>esse,</strong></span> <span class='ocrx_word' id='word_1_49' title='bbox 611 1170 923 1259; x_wconf 86' lang='lat' dir='ltr'><strong>Satyros,</strong></span> <span class='ocrx_word' id='word_1_50' title='bbox 975 1168 1176 1237; x_wconf 89' lang='lat' dir='ltr'><strong>etiam</strong></span> <span class='ocrx_word' id='word_1_51' title='bbox 1231 1168 1285 1236; x_wconf 89' lang='lat' dir='ltr'><strong>si</strong></span> <span class='ocrx_word' id='word_1_52' title='bbox 1324 1169 1839 1260; x_wconf 80' lang='lat' dir='ltr'><strong>tragoediarum</strong></span> <span class='ocrx_word' id='word_1_53' title='bbox 1892 1162 2167 1263; x_wconf 79' lang='lat' dir='ltr'><strong>trilogia</strong></span> <span class='ocrx_word' id='word_1_54' title='bbox 2210 1172 2281 1239; x_wconf 91' lang='lat' dir='ltr'><strong>in</strong></span> <span class='ocrx_word' id='word_1_55' title='bbox 2321 1193 2458 1239; x_wconf 83' lang='lat' dir='ltr'><strong>uno</strong></span> <span class='ocrx_word' id='word_1_56' title='bbox 2507 1194 2622 1239; x_wconf 90' lang='lat' dir='ltr'><strong>ar-</strong></span> 
     </span>
     <span class='ocr_line' id='line_1_8' title="bbox 379 1270 2618 1375; baseline 0.001 -35"><span class='ocrx_word' id='word_1_57' title='bbox 379 1282 708 1367; x_wconf 67' lang='lat' dir='ltr'><strong>gumento</strong></span> <span class='ocrx_word' id='word_1_58' title='bbox 767 1272 1189 1356; x_wconf 78' lang='lat' dir='ltr'>consisteret,</span> <span class='ocrx_word' id='word_1_59' title='bbox 1272 1270 1421 1341; x_wconf 88' lang='lat' dir='ltr'><strong>fere</strong></span> <span class='ocrx_word' id='word_1_60' title='bbox 1485 1272 1671 1341; x_wconf 88' lang='lat' dir='ltr'><strong>aliud</strong></span> <span class='ocrx_word' id='word_1_61' title='bbox 1715 1272 2046 1342; x_wconf 89' lang='lat' dir='ltr'><strong>habuisse</strong></span> <span class='ocrx_word' id='word_1_62' title='bbox 2123 1282 2618 1375; x_wconf 80' lang='lat' dir='ltr'><strong>argumentum.</strong></span> 
     </span>
    </p>

    <p class='ocr_par' dir='ltr' id='par_1_5' title="bbox 381 1370 2614 1471">
     <span class='ocr_line' id='line_1_9' title="bbox 381 1370 2614 1471; baseline 0.001 -26"><span class='ocrx_word' id='word_1_63' title='bbox 381 1377 816 1465; x_wconf 81' lang='lat' dir='ltr'><strong>Quamquam</strong></span> <span class='ocrx_word' id='word_1_64' title='bbox 841 1374 1245 1465; x_wconf 83' lang='lat' dir='ltr'><strong>Euripidem</strong></span> <span class='ocrx_word' id='word_1_65' title='bbox 1297 1375 1372 1442; x_wconf 93' lang='lat' dir='ltr'><strong>id</strong></span> <span class='ocrx_word' id='word_1_66' title='bbox 1400 1375 1672 1461; x_wconf 83' lang='lat' dir='ltr'><strong>fecisse,</strong></span> <span class='ocrx_word' id='word_1_67' title='bbox 1724 1400 1968 1466; x_wconf 86' lang='lat' dir='ltr'><strong>quum,</strong></span> <span class='ocrx_word' id='word_1_68' title='bbox 2020 1385 2095 1445; x_wconf 90' lang='lat' dir='ltr'><strong>ut</strong></span> <span class='ocrx_word' id='word_1_69' title='bbox 2124 1370 2441 1471; x_wconf 78' lang='lat' dir='ltr'><strong>Aelianus</strong></span> <span class='ocrx_word' id='word_1_70' title='bbox 2473 1376 2519 1444; x_wconf 95' lang='lat' dir='ltr'><strong>l.</strong></span> <span class='ocrx_word' id='word_1_71' title='bbox 2553 1398 2614 1447; x_wconf 85' lang='lat' dir='ltr'><strong>c.</strong></span> 
     </span>
    </p>

    <p class='ocr_par' dir='ltr' id='par_1_6' title="bbox 361 1469 2651 2394">
     <span class='ocr_line' id='line_1_10' title="bbox 378 1469 2617 1603; baseline 0.002 -55"><span class='ocrx_word' id='word_1_72' title='bbox 378 1479 630 1564; x_wconf 83' lang='lat' dir='ltr'><strong>refert,</strong></span> <span class='ocrx_word' id='word_1_73' title='bbox 683 1486 972 1547; x_wconf 79' lang='lat' dir='ltr'><strong>certaret</strong></span> <span class='ocrx_word' id='word_1_74' title='bbox 1037 1469 1488 1572; x_wconf 77' lang='grc' dir='ltr'><strong>Ἀλεξάνδρῳ</strong></span> <span class='ocrx_word' id='word_1_75' title='bbox 1505 1531 1534 1567; x_wconf 83' lang='grc'>,</span> <span class='ocrx_word' id='word_1_76' title='bbox 1605 1474 2053 1603; x_wconf 81' lang='grc' dir='ltr'><strong><em>Παλαμήδῃ,</em></strong></span> <span class='ocrx_word' id='word_1_77' title='bbox 2128 1479 2370 1575; x_wconf 76' lang='grc' dir='ltr'><em>Τρωσί</em></span> <span class='ocrx_word' id='word_1_78' title='bbox 2382 1533 2411 1570; x_wconf 86' lang='lat'><em>,</em></span> <span class='ocrx_word' id='word_1_79' title='bbox 2464 1485 2617 1553; x_wconf 85' lang='grc' dir='ltr'><strong>Σι-</strong></span> 
     </span>
     <span class='ocr_line' id='line_1_11' title="bbox 377 1576 2618 1777; baseline 0 -25"><span class='ocrx_word' id='word_1_80' title='bbox 377 1577 1117 1776; x_wconf 48' lang='grc' dir='ltr'>Κῖιξξιῗαὲἰῗιίειῖθῗξιίᾶ</span> <span class='ocrx_word' id='word_1_81' title='bbox 1127 1576 2618 1777; x_wconf 48' lang='grc' dir='ltr'>ηὲιιὲἶῖἒθιὲζέᾶἒωαῧιιιειιοῖῗξιῃῗεζοξέἰᾞ</span> 
     </span>
     <span class='ocr_line' id='line_1_12' title="bbox 376 1781 2620 1879; baseline 0 -24"><span class='ocrx_word' id='word_1_82' title='bbox 376 1788 541 1856; x_wconf 86' lang='lat' dir='ltr'><strong>illae</strong></span> <span class='ocrx_word' id='word_1_83' title='bbox 575 1810 808 1855; x_wconf 90' lang='lat' dir='ltr'><strong>omnes</strong></span> <span class='ocrx_word' id='word_1_84' title='bbox 835 1809 917 1856; x_wconf 84' lang='lat' dir='ltr'><strong>ex</strong></span> <span class='ocrx_word' id='word_1_85' title='bbox 940 1788 1140 1856; x_wconf 90' lang='lat' dir='ltr'><strong>rebus</strong></span> <span class='ocrx_word' id='word_1_86' title='bbox 1169 1781 1435 1857; x_wconf 82' lang='lat' dir='ltr'><strong>Troicis</strong></span> <span class='ocrx_word' id='word_1_87' title='bbox 1469 1786 1923 1879; x_wconf 78' lang='lat' dir='ltr'><strong>depromptae</strong></span> <span class='ocrx_word' id='word_1_88' title='bbox 1965 1799 2135 1872; x_wconf 88' lang='lat' dir='ltr'><strong>sunt,</strong></span> <span class='ocrx_word' id='word_1_89' title='bbox 2183 1795 2408 1855; x_wconf 88' lang='lat' dir='ltr'><strong>tamen</strong></span> <span class='ocrx_word' id='word_1_90' title='bbox 2423 1835 2445 1874; x_wconf 85' lang='lat'><strong><em>‚</em></strong></span> <span class='ocrx_word' id='word_1_91' title='bbox 2494 1787 2620 1856; x_wconf 86' lang='lat' dir='ltr'><strong>nisi</strong></span> 
     </span>
     <span class='ocr_line' id='line_1_13' title="bbox 361 1888 2620 1984; baseline -0 -25"><span class='ocrx_word' id='word_1_92' title='bbox 361 1888 794 1984; x_wconf 62' lang='lat' dir='ltr'><strong>‚permultum</strong></span> <span class='ocrx_word' id='word_1_93' title='bbox 835 1891 962 1958; x_wconf 89' lang='lat' dir='ltr'><strong>sibi</strong></span> <span class='ocrx_word' id='word_1_94' title='bbox 1001 1889 1630 1981; x_wconf 88' lang='lat' dir='ltr'><strong>licentiae·sumpsit</strong></span> <span class='ocrx_word' id='word_1_95' title='bbox 1671 1890 2069 1982; x_wconf 83' lang='lat' dir='ltr'><strong>Euripides,</strong></span> <span class='ocrx_word' id='word_1_96' title='bbox 2118 1891 2229 1959; x_wconf 82' lang='lat' dir='ltr'><strong>vix</strong></span> <span class='ocrx_word' id='word_1_97' title='bbox 2257 1892 2479 1982; x_wconf 89' lang='lat' dir='ltr'><strong>potuit</strong></span> <span class='ocrx_word' id='word_1_98' title='bbox 2507 1913 2620 1958; x_wconf 90' lang='lat' dir='ltr'><strong>eas</strong></span> 
     </span>
     <span class='ocr_line' id='line_1_14' title="bbox 377 1992 2621 2086; baseline -0 -24"><span class='ocrx_word' id='word_1_99' title='bbox 377 1994 716 2065; x_wconf 84' lang='lat' dir='ltr'><strong>factorum</strong></span> <span class='ocrx_word' id='word_1_100' title='bbox 755 1993 1052 2082; x_wconf 85' lang='lat' dir='ltr'><strong>quadam</strong></span> <span class='ocrx_word' id='word_1_101' title='bbox 1082 1993 1531 2082; x_wconf 79' lang='lat' dir='ltr'><strong>perpetuitate</strong></span> <span class='ocrx_word' id='word_1_102' title='bbox 1564 1992 1996 2084; x_wconf 83' lang='lat' dir='ltr'><strong>coniungere.</strong></span> <span class='ocrx_word' id='word_1_103' title='bbox 2061 1993 2444 2086; x_wconf 82' lang='lat' dir='ltr'><strong>Trilogiam</strong></span> <span class='ocrx_word' id='word_1_104' title='bbox 2480 2001 2621 2061; x_wconf 86' lang='lat' dir='ltr'><strong>tra-</strong></span> 
     </span>
     <span class='ocr_line' id='line_1_15' title="bbox 377 2094 2651 2190; baseline 0.001 -26"><span class='ocrx_word' id='word_1_105' title='bbox 377 2097 782 2190; x_wconf 85' lang='lat' dir='ltr'><strong>goediarum</strong></span> <span class='ocrx_word' id='word_1_106' title='bbox 822 2118 1030 2165; x_wconf 90' lang='lat' dir='ltr'><strong>unum</strong></span> <span class='ocrx_word' id='word_1_107' title='bbox 1062 2094 1385 2186; x_wconf 84' lang='lat' dir='ltr'><strong>deinceps</strong></span> <span class='ocrx_word' id='word_1_108' title='bbox 1429 2105 1901 2187; x_wconf 85' lang='lat' dir='ltr'><strong>argumentum</strong></span> <span class='ocrx_word' id='word_1_109' title='bbox 1940 2096 2416 2186; x_wconf 82' lang='lat' dir='ltr'><strong>explicantium</strong></span> <span class='ocrx_word' id='word_1_110' title='bbox 2447 2096 2651 2166; x_wconf 70' lang='lat' dir='ltr'><strong>Les·</strong></span> 
     </span>
     <span class='ocr_line' id='line_1_16' title="bbox 378 2194 2621 2291; baseline -0.001 -23"><span class='ocrx_word' id='word_1_111' title='bbox 378 2201 631 2291; x_wconf 82' lang='lat' dir='ltr'><strong>singius</strong></span> <span class='ocrx_word' id='word_1_112' title='bbox 688 2199 758 2267; x_wconf 90' lang='lat' dir='ltr'><strong>in</strong></span> <span class='ocrx_word' id='word_1_113' title='bbox 805 2198 964 2266; x_wconf 87' lang='lat' dir='ltr'><strong>Vita</strong></span> <span class='ocrx_word' id='word_1_114' title='bbox 1016 2196 1389 2288; x_wconf 86' lang='lat' dir='ltr'><strong>Sophoclis</strong></span> <span class='ocrx_word' id='word_1_115' title='bbox 1443 2221 1517 2290; x_wconf 85' lang='lat' dir='ltr'><strong>p.</strong></span> <span class='ocrx_word' id='word_1_116' title='bbox 1582 2194 1756 2265; x_wconf 86' lang='lat'><strong>152.</strong></span> <span class='ocrx_word' id='word_1_117' title='bbox 1813 2199 2179 2268; x_wconf 88' lang='lat' dir='ltr'><strong>indicatam</strong></span> <span class='ocrx_word' id='word_1_118' title='bbox 2235 2199 2522 2289; x_wconf 86' lang='lat' dir='ltr'><strong>putabat</strong></span> <span class='ocrx_word' id='word_1_119' title='bbox 2578 2221 2621 2266; x_wconf 90' lang='lat' dir='ltr'><strong>a</strong></span> 
     </span>
     <span class='ocr_line' id='line_1_17' title="bbox 381 2298 2617 2394; baseline -0.002 -21"><span class='ocrx_word' id='word_1_120' title='bbox 381 2302 737 2373; x_wconf 85' lang='lat' dir='ltr'><strong>Clemente</strong></span> <span class='ocrx_word' id='word_1_121' title='bbox 764 2301 1220 2369; x_wconf 83' lang='lat' dir='ltr'><strong>Alexandrino</strong></span> <span class='ocrx_word' id='word_1_122' title='bbox 1264 2301 1335 2367; x_wconf 91' lang='lat' dir='ltr'><strong>in</strong></span> <span class='ocrx_word' id='word_1_123' title='bbox 1376 2301 1802 2393; x_wconf 88' lang='lat' dir='ltr'><strong>Protreptico</strong></span> <span class='ocrx_word' id='word_1_124' title='bbox 1850 2300 1957 2370; x_wconf 87' lang='lat' dir='ltr'><strong>his</strong></span> <span class='ocrx_word' id='word_1_125' title='bbox 1993 2302 2216 2372; x_wconf 82' lang='lat' dir='ltr'><strong>verbis</strong></span> <span class='ocrx_word' id='word_1_126' title='bbox 2255 2326 2328 2394; x_wconf 89' lang='lat' dir='ltr'><strong>p.</strong></span> <span class='ocrx_word' id='word_1_127' title='bbox 2366 2298 2489 2374; x_wconf 79' lang='grc'><strong>19.</strong></span> <span class='ocrx_word' id='word_1_128' title='bbox 2528 2303 2617 2370; x_wconf 85' lang='lat' dir='ltr'><strong>A.</strong></span> 
     </span>
    </p>

    <p class='ocr_par' dir='ltr' id='par_1_7' title="bbox 382 2398 2620 2505">
     <span class='ocr_line' id='line_1_18' title="bbox 382 2398 2620 2505; baseline -0 -27"><span class='ocrx_word' id='word_1_129' title='bbox 382 2405 814 2502; x_wconf 78' lang='grc' dir='ltr'><strong><em>Πατροκλῆς</em></strong></span> <span class='ocrx_word' id='word_1_130' title='bbox 877 2432 963 2477; x_wconf 72' lang='grc' dir='ltr'><strong>τε</strong></span> <span class='ocrx_word' id='word_1_131' title='bbox 1032 2402 1076 2477; x_wconf 85' lang='lat' dir='ltr'><strong>o‘</strong></span> <span class='ocrx_word' id='word_1_132' title='bbox 1148 2398 1493 2505; x_wconf 77' lang='grc' dir='ltr'>Θούριος</span> <span class='ocrx_word' id='word_1_133' title='bbox 1530 2405 1650 2478; x_wconf 75' lang='grc' dir='ltr'><strong>καὶ</strong></span> <span class='ocrx_word' id='word_1_134' title='bbox 1718 2404 2099 2502; x_wconf 77' lang='grc' dir='ltr'><strong><em>Σοφοκλῆς</em></strong></span> <span class='ocrx_word' id='word_1_135' title='bbox 2169 2402 2210 2478; x_wconf 83' lang='grc' dir='ltr'>ὁ</span> <span class='ocrx_word' id='word_1_136' title='bbox 2270 2399 2620 2500; x_wconf 72' lang='grc' dir='ltr'><strong>νεώτερος</strong></span> 
     </span>
    </p>
   </div>
   <div class='ocr_carea' id='block_1_4' title="bbox 380 2502 2644 2702">
    <p class='ocr_par' dir='ltr' id='par_1_8' title="bbox 380 2502 2644 2702">
     <span class='ocr_line' id='line_1_19' title="bbox 381 2502 2644 2603; baseline -0.001 -22"><span class='ocrx_word' id='word_1_137' title='bbox 381 2512 461 2582; x_wconf 72' lang='grc' dir='ltr'><strong>ἐν</strong></span> <span class='ocrx_word' id='word_1_138' title='bbox 505 2507 702 2603; x_wconf 79' lang='grc' dir='ltr'>τρισὶ</span> <span class='ocrx_word' id='word_1_139' title='bbox 751 2505 1186 2603; x_wconf 78' lang='grc' dir='ltr'>τραγῳδίαις</span> <span class='ocrx_word' id='word_1_140' title='bbox 1232 2506 1654 2602; x_wconf 74' lang='grc' dir='ltr'><strong><em>ἱστορείτων</em></strong></span> <span class='ocrx_word' id='word_1_141' title='bbox 1700 2513 1863 2581; x_wconf 70' lang='grc' dir='ltr'><strong><em>τοῖν</em></strong></span> <span class='ocrx_word' id='word_1_142' title='bbox 1902 2502 2384 2603; x_wconf 74' lang='grc' dir='ltr'>Διοςκούροιν</span> <span class='ocrx_word' id='word_1_143' title='bbox 2422 2509 2644 2602; x_wconf 75' lang='grc' dir='ltr'>πέρι.</span> 
     </span>
     <span class='ocr_line' id='line_1_20' title="bbox 380 2605 2621 2702; baseline -0.003 -21"><span class='ocrx_word' id='word_1_144' title='bbox 380 2605 525 2681; x_wconf 87' lang='lat' dir='ltr'><strong>Sed</strong></span> <span class='ocrx_word' id='word_1_145' title='bbox 560 2610 700 2681; x_wconf 91' lang='lat' dir='ltr'><strong>hoc</strong></span> <span class='ocrx_word' id='word_1_146' title='bbox 740 2610 943 2678; x_wconf 86' lang='lat' dir='ltr'><strong>valde</strong></span> <span class='ocrx_word' id='word_1_147' title='bbox 987 2609 1315 2678; x_wconf 79' lang='lat' dir='ltr'><strong>incertum</strong></span> <span class='ocrx_word' id='word_1_148' title='bbox 1364 2618 1499 2696; x_wconf 87' lang='lat' dir='ltr'><strong>est,</strong></span> <span class='ocrx_word' id='word_1_149' title='bbox 1549 2633 1808 2702; x_wconf 88' lang='lat' dir='ltr'><strong>neque,</strong></span> <span class='ocrx_word' id='word_1_150' title='bbox 1859 2618 1935 2678; x_wconf 90' lang='lat' dir='ltr'><strong>ut</strong></span> <span class='ocrx_word' id='word_1_151' title='bbox 1977 2633 2137 2679; x_wconf 84' lang='lat' dir='ltr'><strong>vera</strong></span> <span class='ocrx_word' id='word_1_152' title='bbox 2173 2612 2257 2678; x_wconf 86' lang='lat' dir='ltr'><strong>sit</strong></span> <span class='ocrx_word' id='word_1_153' title='bbox 2294 2611 2412 2677; x_wconf 88' lang='lat' dir='ltr'><strong>illa</strong></span> <span class='ocrx_word' id='word_1_154' title='bbox 2449 2629 2621 2676; x_wconf 86' lang='lat' dir='ltr'><strong>con-</strong></span> 
     </span>
    </p>
   </div>
   <div class='ocr_carea' id='block_1_5' title="bbox 375 2712 2728 4044">
    <p class='ocr_par' dir='ltr' id='par_1_9' title="bbox 375 2712 2728 4044">
     <span class='ocr_line' id='line_1_21' title="bbox 379 2712 2624 2813; baseline -0.002 -32"><span class='ocrx_word' id='word_1_155' title='bbox 379 2715 637 2813; x_wconf 73' lang='lat' dir='ltr'><strong>iectura</strong></span> <span class='ocrx_word' id='word_1_156' title='bbox 655 2763 676 2801; x_wconf 89' lang='lat'>,</span> <span class='ocrx_word' id='word_1_157' title='bbox 743 2737 826 2782; x_wconf 83' lang='lat' dir='ltr'><strong>ex</strong></span> <span class='ocrx_word' id='word_1_158' title='bbox 863 2713 1122 2781; x_wconf 88' lang='lat' dir='ltr'><strong>silentio</strong></span> <span class='ocrx_word' id='word_1_159' title='bbox 1174 2713 1544 2803; x_wconf 85' lang='lat' dir='ltr'><strong>quidquam</strong></span> <span class='ocrx_word' id='word_1_160' title='bbox 1592 2715 1684 2784; x_wconf 89' lang='lat' dir='ltr'><strong>de</strong></span> <span class='ocrx_word' id='word_1_161' title='bbox 1722 2712 1975 2804; x_wconf 77' lang='lat' dir='ltr'><strong>Satyris</strong></span> <span class='ocrx_word' id='word_1_162' title='bbox 2017 2713 2338 2782; x_wconf 88' lang='lat' dir='ltr'><strong>adiunctis</strong></span> <span class='ocrx_word' id='word_1_163' title='bbox 2383 2712 2624 2803; x_wconf 83' lang='lat' dir='ltr'><strong>colligi</strong></span> 
     </span>
     <span class='ocr_line' id='line_1_22' title="bbox 379 2816 2623 2910; baseline -0.001 -26"><span class='ocrx_word' id='word_1_164' title='bbox 379 2820 650 2910; x_wconf 89' lang='lat' dir='ltr'><strong>poterit.</strong></span> <span class='ocrx_word' id='word_1_165' title='bbox 753 2816 984 2883; x_wconf 90' lang='lat' dir='ltr'><strong>Multo</strong></span> <span class='ocrx_word' id='word_1_166' title='bbox 1046 2816 1592 2887; x_wconf 86' lang='lat' dir='ltr'><strong>inconsideratius</strong></span> <span class='ocrx_word' id='word_1_167' title='bbox 1645 2817 1736 2886; x_wconf 93' lang='lat' dir='ltr'><strong>de</strong></span> <span class='ocrx_word' id='word_1_168' title='bbox 1794 2817 2082 2908; x_wconf 84' lang='lat' dir='ltr'><strong>trilogiis</strong></span> <span class='ocrx_word' id='word_1_169' title='bbox 2126 2825 2194 2886; x_wconf 90' lang='lat' dir='ltr'><strong>et</strong></span> <span class='ocrx_word' id='word_1_170' title='bbox 2245 2816 2623 2908; x_wconf 70' lang='lat' dir='ltr'><strong>tetralogiis</strong></span> 
     </span>
     <span class='ocr_line' id='line_1_23' title="bbox 377 2918 2619 3012; baseline -0.001 -25"><span class='ocrx_word' id='word_1_171' title='bbox 377 2921 564 2988; x_wconf 89' lang='lat' dir='ltr'><strong>idem</strong></span> <span class='ocrx_word' id='word_1_172' title='bbox 595 2929 1066 3012; x_wconf 83' lang='lat' dir='ltr'><strong>argumentum</strong></span> <span class='ocrx_word' id='word_1_173' title='bbox 1105 2921 1660 3011; x_wconf 86' lang='lat' dir='ltr'><strong>persequentibus</strong></span> <span class='ocrx_word' id='word_1_174' title='bbox 1701 2918 2005 2988; x_wconf 88' lang='lat' dir='ltr'><strong>disseruit</strong></span> <span class='ocrx_word' id='word_1_175' title='bbox 2047 2919 2100 2992; x_wconf 92' lang='lat'><strong>1.</strong></span> <span class='ocrx_word' id='word_1_176' title='bbox 2145 2918 2311 2989; x_wconf 85' lang='lat' dir='ltr'><strong>Chr.</strong></span> <span class='ocrx_word' id='word_1_177' title='bbox 2357 2919 2619 2987; x_wconf 86' lang='lat' dir='ltr'><strong>Geuel-</strong></span> 
     </span>
     <span class='ocr_line' id='line_1_24' title="bbox 378 3021 2669 3117; baseline -0.001 -25"><span class='ocrx_word' id='word_1_178' title='bbox 378 3023 544 3110; x_wconf 84' lang='lat' dir='ltr'><strong>lius,</strong></span> <span class='ocrx_word' id='word_1_179' title='bbox 607 3024 708 3093; x_wconf 85' lang='lat' dir='ltr'><strong>vir</strong></span> <span class='ocrx_word' id='word_1_180' title='bbox 755 3023 1210 3115; x_wconf 84' lang='lat' dir='ltr'><strong>perelegantis</strong></span> <span class='ocrx_word' id='word_1_181' title='bbox 1251 3023 1516 3108; x_wconf 89' lang='lat' dir='ltr'><strong>iudicii,</strong></span> <span class='ocrx_word' id='word_1_182' title='bbox 1586 3022 1708 3093; x_wconf 86' lang='lat' dir='ltr'><strong>sed</strong></span> <span class='ocrx_word' id='word_1_183' title='bbox 1751 3045 2041 3117; x_wconf 81' lang='lat' dir='ltr'><strong>magnae</strong></span> <span class='ocrx_word' id='word_1_184' title='bbox 2097 3032 2167 3091; x_wconf 89' lang='lat' dir='ltr'><strong>et</strong></span> <span class='ocrx_word' id='word_1_185' title='bbox 2214 3022 2496 3091; x_wconf 84' lang='lat' dir='ltr'><strong>levitatis</strong></span> <span class='ocrx_word' id='word_1_186' title='bbox 2542 3021 2669 3090; x_wconf 69' lang='lat' dir='ltr'><strong>ino</strong></span> 
     </span>
     <span class='ocr_line' id='line_1_25' title="bbox 379 3123 2618 3219; baseline -0.002 -23"><span class='ocrx_word' id='word_1_187' title='bbox 379 3126 910 3219; x_wconf 83' lang='lat' dir='ltr'><strong>pervestigandis</strong></span> <span class='ocrx_word' id='word_1_188' title='bbox 937 3127 1156 3215; x_wconf 60' lang='lat' dir='ltr'><strong>vrebus</strong></span> <span class='ocrx_word' id='word_1_189' title='bbox 1192 3125 1562 3211; x_wconf 87' lang='lat' dir='ltr'><strong>historicis,</strong></span> <span class='ocrx_word' id='word_1_190' title='bbox 1616 3135 1686 3194; x_wconf 91' lang='lat' dir='ltr'><strong>et</strong></span> <span class='ocrx_word' id='word_1_191' title='bbox 1729 3125 1798 3192; x_wconf 91' lang='lat' dir='ltr'><strong>in</strong></span> <span class='ocrx_word' id='word_1_192' title='bbox 1848 3125 2293 3195; x_wconf 87' lang='lat' dir='ltr'><strong>coniectando</strong></span> <span class='ocrx_word' id='word_1_193' title='bbox 2342 3123 2618 3193; x_wconf 89' lang='lat' dir='ltr'><strong>temeri-</strong></span> 
     </span>
     <span class='ocr_line' id='line_1_26' title="bbox 379 3228 2674 3320; baseline -0.001 -21"><span class='ocrx_word' id='word_1_194' title='bbox 379 3232 549 3299; x_wconf 82' lang='lat' dir='ltr'><strong>tatis.</strong></span> <span class='ocrx_word' id='word_1_195' title='bbox 651 3228 941 3320; x_wconf 85' lang='lat' dir='ltr'><strong>Isquod</strong></span> <span class='ocrx_word' id='word_1_196' title='bbox 984 3229 1051 3296; x_wconf 91' lang='lat' dir='ltr'><strong>in</strong></span> <span class='ocrx_word' id='word_1_197' title='bbox 1091 3228 1308 3317; x_wconf 83' lang='lat' dir='ltr'><strong>libro,</strong></span> <span class='ocrx_word' id='word_1_198' title='bbox 1359 3228 1868 3320; x_wconf 84' lang='lat' dir='ltr'><strong>quemscripsit</strong></span> <span class='ocrx_word' id='word_1_199' title='bbox 1911 3229 2001 3298; x_wconf 90' lang='lat' dir='ltr'><strong>de</strong></span> <span class='ocrx_word' id='word_1_200' title='bbox 2044 3230 2317 3300; x_wconf 88' lang='lat' dir='ltr'><strong>theatro</strong></span> <span class='ocrx_word' id='word_1_201' title='bbox 2360 3228 2617 3312; x_wconf 88' lang='lat' dir='ltr'><strong>Attico,</strong></span> <span class='ocrx_word' id='word_1_202' title='bbox 2659 3291 2674 3307; x_wconf 86' lang='grc'><em>,</em></span> 
     </span>
     <span class='ocr_line' id='line_1_27' title="bbox 378 3331 2617 3429; baseline -0.001 -28"><span class='ocrx_word' id='word_1_203' title='bbox 378 3358 452 3426; x_wconf 91' lang='lat' dir='ltr'><strong>p.</strong></span> <span class='ocrx_word' id='word_1_204' title='bbox 493 3334 614 3401; x_wconf 84' lang='lat'><strong>21.</strong></span> <span class='ocrx_word' id='word_1_205' title='bbox 671 3336 797 3418; x_wconf 88' lang='lat' dir='ltr'><strong>ait,</strong></span> <span class='ocrx_word' id='word_1_206' title='bbox 851 3333 1237 3429; x_wconf 26' lang='lat' dir='ltr'><strong>Supplices·</strong></span> <span class='ocrx_word' id='word_1_207' title='bbox 1257 3333 1583 3424; x_wconf 80' lang='lat' dir='ltr'><strong>Aeschyli</strong></span> <span class='ocrx_word' id='word_1_208' title='bbox 1619 3331 1890 3421; x_wconf 37' lang='lat' dir='ltr'><strong>medias,</strong></span> <span class='ocrx_word' id='word_1_209' title='bbox 1916 3332 2122 3402; x_wconf 87' lang='lat' dir='ltr'><strong>fuisse</strong></span> <span class='ocrx_word' id='word_1_210' title='bbox 2156 3333 2329 3401; x_wconf 89' lang='lat' dir='ltr'><strong>inter</strong></span> <span class='ocrx_word' id='word_1_211' title='bbox 2377 3333 2617 3423; x_wconf 83' lang='lat' dir='ltr'><strong>Aegy-</strong></span> 
     </span>
     <span class='ocr_line' id='line_1_28' title="bbox 379 3434 2728 3530; baseline -0.002 -26"><span class='ocrx_word' id='word_1_212' title='bbox 379 3438 561 3530; x_wconf 91' lang='lat' dir='ltr'><strong>ptios</strong></span> <span class='ocrx_word' id='word_1_213' title='bbox 625 3446 693 3504; x_wconf 90' lang='lat' dir='ltr'><strong>et</strong></span> <span class='ocrx_word' id='word_1_214' title='bbox 747 3436 1121 3523; x_wconf 85' lang='lat' dir='ltr'><strong>Danaides,</strong></span> <span class='ocrx_word' id='word_1_215' title='bbox 1180 3434 1337 3526; x_wconf 68' lang='lat' dir='ltr'><strong>&#39;quo</strong></span> <span class='ocrx_word' id='word_1_216' title='bbox 1373 3437 1651 3506; x_wconf 88' lang='lat' dir='ltr'><strong>taudem</strong></span> <span class='ocrx_word' id='word_1_217' title='bbox 1697 3446 2098 3527; x_wconf 85' lang='lat' dir='ltr'><strong>argumento</strong></span> <span class='ocrx_word' id='word_1_218' title='bbox 2142 3436 2344 3519; x_wconf 69' lang='lat' dir='ltr'><strong>dixit5</strong></span> <span class='ocrx_word' id='word_1_219' title='bbox 2406 3455 2618 3523; x_wconf 85' lang='lat' dir='ltr'><strong>quum</strong></span> <span class='ocrx_word' id='word_1_220' title='bbox 2719 3492 2728 3499; x_wconf 78' lang='grc'><em>,</em></span> 
     </span>
     <span class='ocr_line' id='line_1_29' title="bbox 379 3533 2617 3629; baseline -0.004 -20"><span class='ocrx_word' id='word_1_221' title='bbox 379 3563 509 3609; x_wconf 86' lang='lat' dir='ltr'><strong>nec</strong></span> <span class='ocrx_word' id='word_1_222' title='bbox 551 3538 729 3607; x_wconf 85' lang='lat' dir='ltr'><strong>testis</strong></span> <span class='ocrx_word' id='word_1_223' title='bbox 771 3539 910 3607; x_wconf 90' lang='lat' dir='ltr'><strong>eius</strong></span> <span class='ocrx_word' id='word_1_224' title='bbox 961 3539 1061 3607; x_wconf 86' lang='lat' dir='ltr'><strong>rei</strong></span> <span class='ocrx_word' id='word_1_225' title='bbox 1104 3540 1277 3609; x_wconf 89' lang='lat' dir='ltr'><strong>ullus</strong></span> <span class='ocrx_word' id='word_1_226' title='bbox 1326 3549 1566 3625; x_wconf 79' lang='lat' dir='ltr'><strong>exstet,</strong></span> <span class='ocrx_word' id='word_1_227' title='bbox 1616 3562 1836 3628; x_wconf 88' lang='lat' dir='ltr'><strong>neque</strong></span> <span class='ocrx_word' id='word_1_228' title='bbox 1884 3538 1975 3606; x_wconf 88' lang='lat' dir='ltr'><strong>de</strong></span> <span class='ocrx_word' id='word_1_229' title='bbox 2013 3536 2366 3629; x_wconf 77' lang='lat' dir='ltr'><strong>Aegyptiis</strong></span> <span class='ocrx_word' id='word_1_230' title='bbox 2408 3533 2617 3625; x_wconf 89' lang='lat' dir='ltr'><strong>quid-</strong></span> 
     </span>
     <span class='ocr_line' id='line_1_30' title="bbox 377 3637 2616 3734; baseline -0.002 -22"><span class='ocrx_word' id='word_1_231' title='bbox 377 3666 587 3734; x_wconf 88' lang='lat' dir='ltr'><strong>quam</strong></span> <span class='ocrx_word' id='word_1_232' title='bbox 632 3652 905 3734; x_wconf 89' lang='lat' dir='ltr'><strong>praeter</strong></span> <span class='ocrx_word' id='word_1_233' title='bbox 961 3664 1211 3711; x_wconf 87' lang='lat' dir='ltr'><strong>nomen</strong></span> <span class='ocrx_word' id='word_1_234' title='bbox 1267 3645 1555 3734; x_wconf 87' lang='lat' dir='ltr'><strong>supersit</strong></span> <span class='ocrx_word' id='word_1_235' title='bbox 1571 3641 1606 3709; x_wconf 72' lang='grc' dir='ltr'><em>Ρ</em></span> <span class='ocrx_word' id='word_1_236' title='bbox 1682 3643 1825 3710; x_wconf 87' lang='grc' dir='ltr'>Αιιι</span> <span class='ocrx_word' id='word_1_237' title='bbox 1885 3641 2098 3729; x_wconf 88' lang='lat' dir='ltr'><strong>quod</strong></span> <span class='ocrx_word' id='word_1_238' title='bbox 2129 3637 2616 3709; x_wconf 80' lang='lat' dir='ltr'><strong>Prometheum</strong></span> 
     </span>
     <span class='ocr_line' id='line_1_31' title="bbox 377 3740 2614 3816; baseline -0.004 0"><span class='ocrx_word' id='word_1_239' title='bbox 377 3746 675 3816; x_wconf 83' lang='lat' dir='ltr'><strong>vinctum</strong></span> <span class='ocrx_word' id='word_1_240' title='bbox 715 3745 1015 3815; x_wconf 88' lang='lat' dir='ltr'><strong>medium</strong></span> <span class='ocrx_word' id='word_1_241' title='bbox 1048 3746 1250 3814; x_wconf 87' lang='lat' dir='ltr'><strong>fuisse</strong></span> <span class='ocrx_word' id='word_1_242' title='bbox 1288 3747 1434 3816; x_wconf 81' lang='lat' dir='ltr'><strong>vult</strong></span> <span class='ocrx_word' id='word_1_243' title='bbox 1462 3747 1634 3813; x_wconf 89' lang='lat' dir='ltr'><strong>inter</strong></span> <span class='ocrx_word' id='word_1_244' title='bbox 1672 3743 1839 3811; x_wconf 89' lang='lat' dir='ltr'><strong>duas</strong></span> <span class='ocrx_word' id='word_1_245' title='bbox 1873 3744 2036 3810; x_wconf 86' lang='lat' dir='ltr'><strong>alias</strong></span> <span class='ocrx_word' id='word_1_246' title='bbox 2077 3741 2166 3811; x_wconf 91' lang='lat' dir='ltr'><strong>de</strong></span> <span class='ocrx_word' id='word_1_247' title='bbox 2194 3740 2614 3812; x_wconf 87' lang='lat' dir='ltr'><strong>Prometheo</strong></span> 
     </span>
     <span class='ocr_line' id='line_1_32' title="bbox 375 3845 2617 3939; baseline -0.003 -20"><span class='ocrx_word' id='word_1_248' title='bbox 375 3851 686 3936; x_wconf 84' lang='lat' dir='ltr'><strong>fabulas,</strong></span> <span class='ocrx_word' id='word_1_249' title='bbox 728 3851 979 3938; x_wconf 83' lang='lat' dir='ltr'><strong>quibus</strong></span> <span class='ocrx_word' id='word_1_250' title='bbox 1026 3849 1379 3919; x_wconf 88' lang='lat' dir='ltr'><strong>adiectum</strong></span> <span class='ocrx_word' id='word_1_251' title='bbox 1394 3850 1598 3918; x_wconf 87' lang='lat' dir='ltr'><strong>fuisse</strong></span> <span class='ocrx_word' id='word_1_252' title='bbox 1625 3847 1989 3939; x_wconf 84' lang='lat' dir='ltr'><strong>igniferum</strong></span> <span class='ocrx_word' id='word_1_253' title='bbox 2019 3845 2505 3914; x_wconf 89' lang='lat' dir='ltr'><strong>Prometheum</strong></span> <span class='ocrx_word' id='word_1_254' title='bbox 2539 3854 2617 3912; x_wconf 89' lang='lat' dir='ltr'><strong>ut</strong></span> 
     </span>
     <span class='ocr_line' id='line_1_33' title="bbox 376 3948 2613 4044; baseline -0.002 -23"><span class='ocrx_word' id='word_1_255' title='bbox 376 3954 682 4023; x_wconf 77' lang='lat' dir='ltr'><strong>fabulam</strong></span> <span class='ocrx_word' id='word_1_256' title='bbox 733 3954 1089 4043; x_wconf 77' lang='lat' dir='ltr'><strong>satyricam</strong></span> <span class='ocrx_word' id='word_1_257' title='bbox 1152 3953 1425 4023; x_wconf 90' lang='lat' dir='ltr'><strong>coniicit</strong></span> <span class='ocrx_word' id='word_1_258' title='bbox 1441 4000 1464 4038; x_wconf 91' lang='lat'>‚</span> <span class='ocrx_word' id='word_1_259' title='bbox 1544 3954 1656 4022; x_wconf 83' lang='lat' dir='ltr'><strong>cui</strong></span> <span class='ocrx_word' id='word_1_260' title='bbox 1702 3950 2137 4044; x_wconf 85' lang='lat' dir='ltr'><strong>persuadebit</strong></span> <span class='ocrx_word' id='word_1_261' title='bbox 2181 3949 2271 4019; x_wconf 89' lang='lat' dir='ltr'><strong>de</strong></span> <span class='ocrx_word' id='word_1_262' title='bbox 2319 3948 2464 4019; x_wconf 88' lang='lat' dir='ltr'><strong>hac·</strong></span> <span class='ocrx_word' id='word_1_263' title='bbox 2491 3972 2613 4032; x_wconf 63' lang='lat' dir='ltr'><strong>re,</strong></span> 
     </span>
    </p>
   </div>
   <div class='ocr_carea' id='block_1_6' title="bbox 392 4181 796 4198">
    <p class='ocr_par' dir='ltr' id='par_1_10' title="bbox 392 4181 796 4198">
     <span class='ocr_line' id='line_1_34' title="bbox 392 4181 796 4198; baseline 0 0"><span class='ocrx_word' id='word_1_264' title='bbox 392 4181 796 4198; x_wconf 95' lang='lat' dir='ltr'><strong> </strong></span> 
     </span>
    </p>
   </div>
   <div class='ocr_carea' id='block_1_7' title="bbox 380 4304 2611 4575">
    <p class='ocr_par' dir='ltr' id='par_1_11' title="bbox 380 4304 2611 4570">
     <span class='ocr_line' id='line_1_35' title="bbox 462 4304 2611 4419; baseline -0.004 -46"><span class='ocrx_word' id='word_1_265' title='bbox 462 4312 527 4394; x_wconf 85' lang='grc'><strong>*)</strong></span> <span class='ocrx_word' id='word_1_266' title='bbox 571 4311 935 4373; x_wconf 78' lang='lat' dir='ltr'><strong>scholiastes</strong></span> <span class='ocrx_word' id='word_1_267' title='bbox 978 4306 1395 4419; x_wconf 78' lang='lat' dir='ltr'><strong>Aristophanis</strong></span> <span class='ocrx_word' id='word_1_268' title='bbox 1435 4310 1559 4372; x_wconf 90' lang='lat' dir='ltr'><strong>MS.</strong></span> <span class='ocrx_word' id='word_1_269' title='bbox 1612 4309 1781 4393; x_wconf 86' lang='lat' dir='ltr'><strong>apud</strong></span> <span class='ocrx_word' id='word_1_270' title='bbox 1819 4309 1916 4370; x_wconf 90' lang='lat' dir='ltr'><strong>Sei</strong></span> <span class='ocrx_word' id='word_1_271' title='bbox 1921 4307 2181 4370; x_wconf 82' lang='lat' dir='ltr'><strong>dierum:</strong></span> <span class='ocrx_word' id='word_1_272' title='bbox 2240 4304 2357 4389; x_wconf 84' lang='grc' dir='ltr'><strong>την</strong></span> <span class='ocrx_word' id='word_1_273' title='bbox 2413 4327 2611 4385; x_wconf 73' lang='grc' dir='ltr'><strong><em>τετρα-</em></strong></span> 
     </span>
     <span class='ocr_line' id='line_1_36' title="bbox 380 4392 2611 4506; baseline -0.006 -42"><span class='ocrx_word' id='word_1_274' title='bbox 380 4402 589 4482; x_wconf 80' lang='grc' dir='ltr'><strong><em>λογίαν</em></strong></span> <span class='ocrx_word' id='word_1_275' title='bbox 613 4397 772 4506; x_wconf 81' lang='grc' dir='ltr'>λέγει</span> <span class='ocrx_word' id='word_1_276' title='bbox 782 4398 1174 4499; x_wconf 81' lang='grc' dir='ltr'><strong><em>Λυκουργίαν</em></strong></span> <span class='ocrx_word' id='word_1_277' title='bbox 1213 4392 1555 4476; x_wconf 78' lang='grc' dir='ltr'><strong><em>Ἢδωνούς,</em></strong></span> <span class='ocrx_word' id='word_1_278' title='bbox 1599 4396 2002 4482; x_wconf 78' lang='grc' dir='ltr'><strong><em>Βασσαρίδας,</em></strong></span> <span class='ocrx_word' id='word_1_279' title='bbox 2041 4395 2438 4469; x_wconf 76' lang='grc' dir='ltr'><strong><em>Νεανίσκους,</em></strong></span> <span class='ocrx_word' id='word_1_280' title='bbox 2483 4395 2611 4451; x_wconf 59' lang='lat' dir='ltr'><strong>Am</strong></span> 
     </span>
     <span class='ocr_line' id='line_1_37' title="bbox 383 4476 1254 4575; baseline -0.001 -27"><span class='ocrx_word' id='word_1_281' title='bbox 383 4490 646 4570; x_wconf 75' lang='grc' dir='ltr'><strong><em>κοῦργον</em></strong></span> <span class='ocrx_word' id='word_1_282' title='bbox 702 4480 813 4549; x_wconf 68' lang='lat' dir='ltr'><strong>‘niv</strong></span> <span class='ocrx_word' id='word_1_283' title='bbox 867 4476 1254 4575; x_wconf 74' lang='grc' dir='ltr'>σατυρικόν.</span> 
     </span>
    </p>
   </div>
  </div>
 </body>
</html>
