3325 5317
775 512 906 577 226
1203 505 1645 569 cENsvna
1701 505 2029 570 NOVAE
2084 507 2586 570 EDITIONIS

776 680 1054 772 quidem
1079 678 1407 750 vellemus
1425 731 1447 769 ‚
1497 681 1617 771 qui
1657 681 2102 773 supersedere
2132 690 2525 771 quaerentes
2561 681 2855 751 molesto
2899 682 3021 751 illo

778 785 1027 855 Indicis
1059 806 1181 852 usu
1212 786 1519 853 sinerent.
1622 785 1770 854 Sed
1812 784 2025 872 haec,
2080 795 2332 877 coepto
2380 786 2518 854 iam
2572 808 2822 877 opere,
2873 787 3018 856 fru-

777 897 916 957 stra
953 896 1287 979 optamus.
1391 889 1575 973 Quin
1611 912 1964 976 veremur,
2011 913 2103 958 ne
2141 890 2210 957 in
2254 912 2435 958 nova
2475 890 2771 959 editione
2818 891 3018 958 etiam

777 1002 1109 1084 augeatur
1132 993 1501 1082 quaerendi
1523 993 1757 1062 labor:
1810 994 1903 1062 de
1932 1017 2070 1084 qua
2102 1016 2179 1062 re
2220 994 2398 1061 infra
2429 993 2751 1063 dicemus·
2818 995 3017 1065 Nunc

774 1093 952 1163 illud
1001 1117 1538 1166 commemorare
1582 1098 1737 1166 satis
1796 1098 1916 1183 sit,
2006 1097 2345 1166 interdum
2411 1097 2806 1189 neglectum
2876 1120 3027 1166 esse¹

778 1198 1087 1268 ordinem
1115 1199 1504 1268 litterarum.
1607 1200 1727 1272 Sic
1770 1223 1843 1292 p.
1879 1199 2053 1269 146.
2099 1224 2286 1289 seqq.
2318 1200 2496 1270 haec
2540 1201 2864 1292 deinceps
2901 1223 3012 1269 ex-

775 1303 1149 1396 plicantur,
1248 1296 1786 1398 Αὐτοοῖγαθος,
1888 1297 2522 1426 Αύτοαγαθότης,
2601 1296 3017 1398 ’Υπεροῖγα-

777 1416 938 1497 θος,
988 1400 1618 1530 ’Υπεραγαθότης,
1672 1400 2452 1503 Αύθυπεραγαθότης,
2504 1400 3013 1502 ’Λγαθωσύνψ

776 1502 1215 1601 Ἀγαθικός,
1292 1505 1721 1601 Ἀγαθῑνος,
1800 1503 3015 1603 Επαγαθος,’1σᾶγαθος,Μι-

779 1606 1143 1705 σοι’γαθος,
1200 1606 1714 1703 Ὀμοάγαθος,
1770 1607 2261 1704 Πανάγαθος,
2316 1611 2813 1705 Παναγαθιά,
2871 1614 3013 1684 Φι-

777 1709 1154 1807 λαγαθος,
1265 1707 1705 1806 Φιλαγοῖθως
1734 1759 1758 1798 ‚
1884 1713 2311 1807 Φιλαγαθία
2341 1767 2363 1803 ‚
2481 1708 3012 1807 Αφιλοὶγαθος,

776 1810 1368 1912 Ἀπειροίγαθος,
1437 1809 2038 1911 Ἀπειραγάθως,
2105 1812 2700 1916 Ἀπειραγαθία,
2753 1814 3015 1889 ’Aust-

781 1920 1160 2017 ραγαθέω,
1235 1912 1731 2018 Ἀρχαγαθος.

983 2125 1127 2195 Sed
1173 2124 1539 2193 dicendum
1586 2124 1723 2194 iam
1767 2134 1868 2216 est
1915 2124 2005 2193 de
2040 2125 2198 2217 ipsis
2256 2124 2713 2211 incrementiS,
2779 2125 3017 2215 quibus

774 2228 1185 2321 locupletari
1212 2228 1330 2299 hic
1363 2228 1758 2298 Thesaurus
1797 2237 2082 2318 coeptus
2126 2238 2244 2297 ὧι.
2348 2230 2660 2314 Quorum
2693 2238 2851 2297 tam.
2866 2229 3021 2295 infi-

775 2335 916 2401 nita
949 2333 1152 2425 copia
1194 2342 1324 2418 est,
1376 2354 1594 2421 eaque
1643 2341 1784 2400 tam
1828 2341 2142 2402 accurate
2179 2342 2460 2402 tractata
2475 2381 2496 2418 ,
2550 2341 2624 2399 ιιι
2652 2332 3018 2402 incredibi-

774 2439 915 2506 lem
941 2437 1302 2506 Editorum
1330 2434 1723 2514 industriam
1751 2458 1835 2506 ac
1868 2434 2288 2528 diligentiam
2324 2458 2462 2505 non
2504 2438 2727 2504 solum
2775 2437 3020 2528 gratis-

774 2541 944 2609 simo
999 2540 1226 2608 animo
1290 2561 1771 2631 agnoscamus,
1837 2539 1961 2608 sed
2007 2540 2296 2609 maxime
2342 2540 2542 2609 etiam
2590 2539 3018 2608 admiremur.

775 2644 871 2713 Et
914 2645 1141 2733 primo
1155 2692 1176 2729 ,
1243 2650 1516 2733 praeter
1558 2666 1640 2711 ea
1655 2691 1678 2728 ,
1744 2665 1923 2732 quae
1964 2643 2282 2712 Editores
2335 2642 2466 2736 ipsi
2524 2650 3018 2735 congesserant,

776 2746 1023 2837 opibus
1068 2769 1184 2813 eos
1230 2767 1386 2813 usos
1432 2768 1572 2814 esse
1631 2768 1716 2814 ex
1760 2745 2094 2816 schedula
2135 2747 2335 2816 tertio
2382 2746 2710 2817 fasciculo
2754 2746 3021 2817 adiecta

776 2848 1248 2968 cognoscimus
1300 2847 1655 2919 Schaeferi
1669 2897 1690 2934 ‚
1758 2852 2063 2918 nostratis
2083 2897 2105 2936 ,
2176 2851 2362 2920 cuius
2398 2850 2423 2916 i

774 2951 906 3043 ipsi
939 2951 1261 3034 vidimus3
1322 2952 1574 3020 deinde
1625 2951 2089 3038 Boissonadii,
2158 2874 2794 3045 Schweiffluserss
2873 2952 3020 3022 Go-

774 3055 919 3140 mii,
968 3055 1209 3135 Kal—lin
1254 3062 1398 3121 tum
1430 3054 1969 3123 adnotationibus
2005 3055 2098 3123 ad
2128 3056 2501 3147 Scapulam
2524 3056 2733 3126 MSS.
2769 3056 3020 3124 Ruhn-

777 3157 981 3243 kenii,
1034 3155 1483 3244 Valckenarii‚
1534 3158 1880 3245 Branchi,
1932 3169 2000 3227 et
2046 3158 2137 3226 ad
2158 3157 2504 3229 Hederici
2545 3160 2815 3229 lexicon
2846 3160 3018 3227 Wa-

774 3261 1079 3330 kefieldii
1116 3269 1184 3328 et
1218 3260 1535 3344 Bouthii3
1589 3262 1880 3351 deniqne
1911 3284 2050 3331 non
2082 3263 2340 3354 exiguis
2370 3262 2805 3333 collectaneis
2844 3263 3019 3332 Sea-

773 3365 926 3459 geri
941 3413 963 3450 ,
1033 3365 1451 3452 aliorumque
1507 3364 2003 3433 Britannorum.
2123 3367 2319 3437 Haec
2377 3365 2719 3459 praesidia
2772 3366 2868 3434 ita
2923 3365 3017 3435 ad

721 3473 728 3478 ’
773 3468 1108 3561 Stephani
1153 3466 1584 3536 Thesaurum
1645 3468 2138 3555 adhibuerunt,
2212 3476 2288 3537 ut
2333 3470 2413 3538 iis
2460 3470 2713 3561 partim
2748 3470 2819 3537 in
2861 3470 3016 3561 ipso
3056 3545 3065 3566 ,

770 3583 958 3642 textu
974 3621 996 3660 ,
1077 3571 1329 3667 partim
1388 3571 1458 3639 in
1516 3571 1831 3646 subiectis
1894 3572 2432 3650 adnotationibus
2483 3574 2719 3643 locum
2756 3594 3014 3643 conce-

773 3675 1031 3752 derent.
1149 3676 1258 3745 De
1299 3673 1442 3746 hoc
1482 3685 1669 3745 textu
1685 3725 1706 3762 ,
1760 3675 2015 3765 Ἰιὶέᾳιιθ
2056 3675 2596 3746 adnotationibus
2643 3678 2783 3745 iam
2827 3675 3019 3747 dica-

771 3787 884 3847 tur
932 3780 1345 3873 explicatius·

2568 2867 2756 2918 ensas
2787 2850 3020 2943 copias
3047 2860 3055 2865 ’
3082 2852 3087 2857 ’

980 3983 1076 4051 Ει
1107 3991 1363 4053 textum
1404 3982 1686 4073 quidem
1738 4006 1874 4052 non
1916 4007 2141 4053 sumus
2182 3985 2279 4053 ita
2319 3985 2573 4058 morosi
2616 3993 2693 4055 ut
2728 3984 3017 4054 totidem
3133 3964 3137 3972 ¹

776 4085 1031 4172 ubique
1060 4086 1325 4171 litteris,
1376 4095 1548 4175 quot
1590 4110 1633 4154 a
1678 4087 2064 4178 Stephano,
2118 4088 2582 4158 exhibendum
2613 4089 2818 4158 fuisse
2853 4110 3014 4158 cen-

777 4209 1037 4255 seamus
1055 4234 1076 4271 ‚
1141 4188 1264 4257 sed
1301 4211 1438 4257 non
1478 4190 1929 4282 intelligimus·
1945 4202 2174 4260 tamen
2194 4241 2214 4276 ‚
2285 4214 2407 4262 cur
2451 4193 2872 4283 quantumvis
2910 4192 3015 4259 le-

777 4292 976 4359 vibus
1011 4290 1081 4357 in
1108 4292 1307 4359 rebus
1337 4293 1798 4363 recedendum
1842 4320 1884 4363 a
1921 4295 2143 4386 prima
2170 4295 2465 4365 editione
2497 4296 2722 4365 fuerit.
2827 4295 3016 4365 Con-

774 4394 1052 4462 tulimus
1100 4413 1185 4459 eo
1245 4395 1382 4462 fine
1429 4395 1795 4488 diligenter
1849 4399 2103 4490 primas
2142 4408 2400 4468 tantum
2455 4407 2777 4490 quattuor
2812 4398 3019 4491 pagi-

677 4541 682 4547 ·
776 4520 933 4566 nas:
979 4497 1050 4565 in
1075 4497 1317 4585 quibus
1358 4499 1603 4591 septies
1641 4502 1832 4594 signa
1867 4500 2346 4595 parentheseos
2370 4505 2611 4574 omissa
2624 4549 2647 4591 ,
2696 4499 3016 4596 „jocum‚
