3325 5317
1070 477 1697 540 DISSERTATIO
1755 478 1830 539 ΙΙ.
2459 481 2587 547 155

344 654 438 723 tia
484 659 735 742 poetae
776 673 950 743 opus
1002 651 1275 721 habuiss
1278 675 1317 720 e
1356 650 1743 722 videantur.
1848 648 1993 720 Sed
2045 651 2160 720 fac
2213 672 2340 743 per
2379 650 2589 721 alium

346 755 717 825 exhibitam
761 779 904 825 esse
943 754 1329 829 Oresteam:
1377 756 1761 845 quaerimus
1805 777 1931 845 per
1973 772 2351 844 quemnam.
2453 755 2590 822 Per

345 860 679 949 aliquem,
719 861 943 948 inquit
982 859 1373 929 Boeckhius
1391 907 1412 944 ,
1467 880 1550 926 ex
1590 856 1920 948 Aeschyli
1962 858 2220 926 familia
2233 906 2255 943 ,
2304 858 2589 931 fortasse

344 985 477 1055 per
520 962 1061 1053 Euphorionem.
1163 963 1245 1031 In
1299 962 1436 1032 hac
1480 982 1643 1030 vero
1689 984 1767 1029 re
1818 962 2119 1030 omnium
2162 962 2454 1029 maxime
2501 960 2590 1027 ab

350 1089 437 1135 eo
489 1066 824 1134 dissentio.
926 1069 1104 1135 Nam
1152 1089 1376 1156 neque
1421 1065 1752 1133 familiam
1798 1073 1913 1132 aut
1966 1074 2220 1134 sectam
2261 1062 2595 1151 Aeschyli

346 1190 672 1259 umquam
724 1169 925 1238 fuisse
969 1170 1213 1257 credo,
1265 1191 1499 1258 neque
1543 1168 1876 1236 rationem
1925 1168 2130 1239 video
2177 1168 2427 1252 ullam,
2497 1167 2591 1235 ob

348 1296 557 1364 quam
599 1272 1032 1362 Euphor-iuni
1075 1283 1189 1341 aut
1232 1272 1635 1360 cuicumque
1685 1272 1798 1339 alii
1836 1271 2215 1341 commissio
2266 1270 2594 1341 Oresteae

349 1377 558 1446 tribui
580 1377 826 1467 possit:
875 1376 1086 1445 immo
1136 1400 1286 1447 eam
1317 1378 1405 1445 ab
1445 1375 1981 1465 ipso'Aeschylo
1998 1423 2019 1461 ‚
2068 1383 2215 1444 tum
2239 1381 2594 1467 praesente

350 1480 671 1566 Athenis,
712 1480 1164 1550 introductam
1200 1503 1341 1549 esse
1372 1478 1733 1571 probabile
1769 1477 2076 1547 reddam.
2179 1479 2288 1547 De
2332 1477 2594 1545 familia

346 1585 473 1652 ista
522 1582 848 1673 Aeschyli
887 1584 1096 1652 miror
1133 1584 1261 1652 sibi
1313 1581 1712 1673 persuasisse
1751 1581 2185 1651 Boeckhium
2222 1591 2365 1650 tam
2398 1580 2590 1648 infir-
2599 1586 2687 1648 18

352 1688 480 1756 mis
536 1688 965 1779 argumentis.
1079 1687 1536 1773 Quinctiliano
1594 1685 1874 1774 quidem
1891 1734 1912 1771 ‚
1963 1686 2050 1755 X.
2105 1684 2151 1752 l
2169 1734 2190 1772 ‚
2241 1683 2365 1753 66.
2434 1706 2590 1754 cor-

349 1799 568 1860 rectas
621 1788 949 1880 Aeschyli
989 1790 1255 1861 fabulas
1297 1791 1381 1858 in·
1412 1797 1758 1860 certamen
1801 1788 2067 1859 deferre
2112 1787 2598 1881 posterioribus

350 1895 573 1987 poetis
620 1894 1023 1984 permissum
1070 1895 1160 1962 ab
1205 1892 1744 1993 *Atheniensibus
1800 1891 2087 1978 dicenti,
2169 1915 2313 1962 non
2378 1890 2596 1961 modo

351 1997 574 2066 nullus
621 1996 1067 2087 adstipulatur
1105 1998 1279 2064 alins
1317 1998 1637 2089 scriptor,
1706 1996 1828 2063 sed
1865 1995 2148 2086 quidam
2204 2003 2441 2088 aperte
2483 2017 2599 2075 re«,-

349 2109 662 2193 pugnant
675 2148 697 2185 ‚
750 2099 839 2169 de
885 2123 1022 2191 qua
1071 2123 1149 2168 re
1202 2099 1370 2167 dixit
1410 2102 1550 2167 iam
1614 2100 1706 2168 ad
1759 2099 2286 2185 Quinctilianum
2334 2098 2600 2171 Gazae.

353 2226 486 2272 rus.
592 2204 775 2290 Quia
809 2204 1119 2297 Lycurgi
1158 2203 1440 2271 oratoris
1479 2204 1838 2294 rogatione
1883 2202 2234 2272 decretum
2275 2201 2438 2285 fuit,
2489 2199 2602 2267 fa-
2723 2208 2729 2214 ’

353 2308 552 2407 bulas
592 2305 968 2398 Aeschyli,
1017 2306 1426 2428 Sophoclis,
1477 2316 1549 2375 et
1583 2305 1969 2398 Euripidis,
2036 2305 2317 2398 publica
2359 2311 2601 2372 aucto·
2734 2312 2742 2324 '

353 2397 554 2480 ritate
579 2409 953 2501 descriptas
967 2459 988 2497 ‚
1027 2411 1301 2501 inspici,
1347 2411 1519 2481 dum
1566 2418 2057 2502 argaeum-,a
2015 2409 2319 2479 ascriba
2361 2407 2604 2477 civita-

351 2514 433 2584 tis
446 2562 468 2599 ‚
518 2535 609 2587 ne
641 2513 808 2601 quid
831 2514 1187 2582 histriones
1213 2535 1340 2582 sao
1369 2513 1645 2582 arbitrio
1672 2519 2047 2596 mutarent,
2099 2520 2177 2581 ut
2198 2508 2605 2580 Plutarchus

354 2617 565 2686 refert
607 2618 681 2686 in
715 2617 880 2688 vitis
926 2617 1012 2687 X.
1067 2626 1412 2686 oratmum
1466 2639 1540 2709 p.
1585 2614 1761 2686 841.
1828 2616 1913 2684 F.
1975 2614 2083 2683 his
2132 2614 2397 2684 verbiss
2470 2638 2604 2694 τας
2732 2672 2737 2677 .

359 2719 798 2843 τραγῳδίας
797 2717 1043 2795 αὐτων
1083 2725 1163 2794 ἐν
1196 2718 1417 2816 κοινῷ
1446 2721 1971 2843 γραψαμένους
1986 2713 2385 2814 φυλαττειν
2398 2771 2451 2836 ’.
2479 2713 2602 2791 καὶ

354 2850 492 2896 τον
528 2850 655 2919 της
698 2816 967 2906 πόλεως
1003 2825 1447 2919 γραμματέα
1480 2812 2152 2944 παραναγινώσκειν
2198 2826 2357 2901 τοῖς
2403 2816 2600 2892 ὑπο-

355 2927 884 3096 ῗέιινιομὶιίιοις·
933 2923 1064 2999 οὐκ
1111 2931 1377 3008 ἐξεῖναι
1422 2920 1562 3048 γοῖρ
1586 2953 1877 3097 ἔυτὶιές
1924 2922 2602 3097 υπὲἴιριιιῶιίἒᾘ).

431 3050 578 3097 ece
702 3053 742 3099 c
790 3022 1058 3110 αὐτους
1101 3051 1236 3120 pro
1303 3022 1533 3109 αὐτας
1658 3052 1752 3098 eis
1827 3052 1935 3115 ns,
2004 3052 2033 3096 s
2532 3047 2604 3093 r·-

358 3141 653 3222 pretans.
721 3132 896 3200 Sunt
924 3133 1103 3201 enim
1133 3132 1489 3200 histriones
1532 3133 1977 3225 intelligendi.
2042 3132 2338 3220 Reliqua
2352 3178 2375 3216 ,
2426 3151 2606 3220 quae

353 3233 772 3307 Boeckhius
784 3234 1028 3321 affert,¹
1069 3236 1165 3303 ad
1208 3262 1381 3316 τους
1421 3235 1587 3330 περὶ
1628 3229 2043 3327 Αισχύλον,
2096 3236 2215 3325 qui
2252 3258 2294 3302 a
2338 3234 2604 3302 duobus
2708 3312 2722 3325 =

358 3339 795 3429 scriptoribus
839 3339 1149 3408 dicuntur
1163 3387 1186 3425 ,
1237 3349 1310 3407 et
1352 3339 1442 3406 ad
1491 3361 1573 3406 ea
1588 3389 1609 3424 ‚
1671 3363 1851 3439 quae
1880 3338 2125 3410 Suidas
2174 3339 2265 3407 de
2306 3336 2607 3428 Eupho-

358 3443 553 3510 rione
594 3440 802 3511 refert
815 3491 837 3528 ‚
888 3443 1192 3512 redeunt.
1295 3442 1665 3512 Videamus
1694 3421 1887 3513 locos
1931 3444 2114 3533 ipsos
2159 3441 2409 3541 horam
2439 3438 2607 3507 scri·-

359 3546 658 3637 ptorum.
776 3546 1228 3617 scholiastes
1247 3545 1722 3637 Aristophanis
1776 3547 1868 3615 ad
1923 3547 2098 3621 Ran.
2144 3544 2195 3613 7
2200 3543 2268 3611 2
2326 3542 2418 3611 de
2469 3541 2608 3611 So-

446 3875 601 4023 *ghE
602 3898 647 3937 x
691 3877 932 3938 eadem
950 3878 1085 3958 lege
1128 3898 1192 3939 se
1236 3877 1606 3938 contrarium
1649 3875 2090 3938 demonstrasse
2135 3876 2228 3940 ait
2264 3873 2610 3937 Boeckhius

361 3963 428 4023 in
567 3963 928 4041 sartatione,
975 3983 1157 4044 quam
1200 3965 1552 4025 Germanice
1589 3963 1833 4044 scripsit
1874 3962 1952 4024 de
2000 3961 2336 4023 differentia
2377 3963 2609 4023 Attico-

361 4069 501 4109 rum
572 4049 977 4127 Lenaeorum‚
1047 4048 1600 4126 Anthesteriorum‚
1647 4058 1749 4110 et
1817 4049 2246 4129 Dionysiorum
2314 4048 2611 4109 ruralium

359 4155 429 4217 P·
474 4136 578 4203 53.
615 4154 957 4213 provocans
1000 4134 1080 4196 ad
1120 4135 1344 4195 librum
1389 4135 1464 4196 de
1505 4128 1885 4217 principibus
1927 4135 2170 4214 tragicis
2208 4156 2269 4215 p.
2307 4141 2406 4201 12.
2435 4155 2606 4215 seqq.

317 4219 502 4301 ·c0n.
557 4225 709 4288 328.
768 4240 939 4300 seqq.
984 4230 1046 4281 et
1086 4221 1387 4283 Petersen.
1436 4221 1513 4281 de
1557 4222 1686 4281 vita
1727 4231 1787 4282 et
1832 4220 2053 4281 sabulis
2083 4218 2367 4302 Aeschyli
2411 4242 2473 4302 p·
2504 4225 2543 4283 7
2549 4224 2608 4284 9

257 4352 270 4371 .
319 4324 491 4385 ·seq.
537 4303 872 4385 lectorique
912 4305 1185 4365 neutrius
1226 4307 1418 4387 partis
1461 4306 1734 4367 studioso
1779 4316 1841 4369 et
1883 4307 1962 4368 de
2001 4305 2121 4366 hac
2163 4327 2231 4367 re
2275 4315 2336 4366 et
2368 4305 2446 4365 de
2487 4304 2609 4363 Ae·
2656 4368 2657 4371 Ἴ

366 4388 567 4470 schyli
610 4391 865 4467 familia,
912 4410 1091 4469 quam
1133 4411 1196 4450 se
1240 4392 1355 4451 sibi
1396 4392 1544 4454 satis
1586 4392 1853 4459 firmasse
1890 4393 2130 4469 videri,
2172 4391 2462 4453 iudicium
2504 4406 2607 4448 re-

366 4473 668 4557 linquens.
755 4477 816 4538 Is
847 4435 1041 4558 'igitur
1086 4475 1331 4540 iudicet.
