3325 5317
693 462 827 530 m
1337 462 1708 525 ΕΣΜΟΣ
1757 464 2344 528 ΜΕΛΙΣΣΗΣ.

686 632 937 706 inutilis
965 631 1299 726 particula
1331 633 1410 730 γὲ
1443 634 1569 703 sibi
1609 634 1819 704 vellet
1850 634 2314 720 ostenderunt,
2364 657 2591 726 neque
2618 634 2934 703 animad-

597 746 1036 812 reverterunt
1078 736 1230 805 tolli
1272 762 1355 806 ea
1388 738 1758 808 mutatione
1786 738 2208 809 insolentiam
2241 739 2535 825 dicendi,
2585 762 2792 828 quam
2814 739 2935 807 af-

568 921 580 932 ,
687 842 991 912 fectabat
1045 841 1609 933 Mnesiptolemus
1625 891 1646 928 ,
1751 864 1881 912 nec
1933 842 2225 931 denique
2274 843 2656 935 cogitarunt
2673 890 2695 927 ,
2796 865 2934 911 non

689 947 953 1040 pultem
982 943 1237 1014 factam
1274 968 1417 1014 effe
1430 993 1454 1032 ,
1518 945 1638 1015 sed
1673 946 1982 1036 paullum
2019 946 2275 1014 farinae
2321 946 2716 1038 adspersum
2752 946 2931 1014 vino.

688 1048 1049 1143 Aptissime
1103 1070 1267 1117 vero
1327 1048 1890 1141 Mnesiptolemns
1910 1101 1931 1136 ‚
2020 1072 2142 1118 suo
2198 1049 2478 1139 quidem
2517 1072 2770 1144 genere
2822 1050 2932 1116 di-

692 1152 928 1236 cendi,
990 1143 1382 1251 Δήμητρος
1436 1148 1622 1249 ἀκτῇ
1676 1153 1823 1224 πᾶν
1861 1147 2088 1247 υγρόν
2134 1154 2549 1249 γεφυρῶσαι
2608 1153 2813 1236 dixit,
2873 1154 2932 1221 si

688 1255 967 1368 quidem
1007 1256 1252 1324 iniecta
1304 1256 1520 1324 farina
1573 1255 1801 1324 vinum
1820 1302 1841 1339 ,
1907 1267 1986 1323 ut
2032 1278 2209 1345 aqua
2267 1266 2515 1346 ponte,
2590 1255 2927 1330 sternitur.

688 1337 892 1428 Natat
922 1360 1100 1426 enim
1129 1361 1197 1427 in
1238 1359 1631 1452 superficie,
1684 1357 1906 1428 donec
1945 1359 2187 1427 hausto
2229 1358 2520 1428 humore
2564 1369 2929 1452 mergatur.

688 1462 918 1534 Mersa
957 1464 1074 1552 qui
1122 1462 1347 1531 vinum
1389 1463 1749 1547 bibebant,
1804 1470 1872 1529 et
1913 1457 2418 1558 α’παλφιτίζειν
2460 1463 2597 1532 dici
2622 1474 2929 1554 potuere,

690 1575 758 1635 et
805 1561 928 1641 ἐπ’
975 1561 1290 1660 ἀλφίτου
1320 1565 1556 1639 πίνειν
1570 1620 1600 1655 ,
1654 1573 1729 1632 ut
1778 1586 1915 1632 non
1959 1565 2175 1662 magis
2211 1566 2280 1632 in
2322 1566 2545 1656 primo
2585 1587 2785 1634 versu
2812 1560 2929 1637 ἀπ’

687 1665 1004 1765 ἀλφίτου
1051 1669 1290 1754 scribi,
1360 1693 1565 1759 quam
1626 1679 1915 1759 propter
1966 1668 2148 1737 istud
2204 1664 2326 1743 ἐπ’
2383 1665 2698 1763 α’λφίτου
2743 1668 2928 1760 apud

684 1772 1116 1854 Athenaeum
1177 1772 1605 1868 ἐπαλφίτισε
1672 1773 2143 1863 reponendum
2202 1795 2346 1840 esse
2405 1772 2733 1840 videatur.
2851 1772 2929 1840 ln

685 1877 926 1944 ultimo
957 1898 1155 1943 versu
1183 1875 1374 1964 quod
1419 1876 1722 1967 epitome
1760 1875 1915 1943 MS.
1945 1875 2171 1960 dedit,
2225 1874 2718 1972 κατῃσίμωκα,
2772 1897 2930 1944 cae-

683 1988 985 2048 terorum
1028 1979 1357 2046 librorum
1400 1980 1774 2068 scripturae
1827 1977 2292 2074 κατῃσίμωσα
2346 1979 2672 2070 praetuli,
2755 2002 2929 2068 quae

684 2104 903 2173 nuper
944 2082 1011 2148 in
1066 2080 1519 2179 κατῃσίμωσε
1567 2091 1828 2149 mutata
1872 2082 2038 2166 fuit,
2106 2081 2330 2151 nescio
2391 2105 2475 2149 an
2534 2080 2725 2150 haud
2781 2081 2928 2150 satis

685 2186 1192 2276 circumspecte.
1310 2184 1539 2263 Multo
1605 2185 1783 2252 enim
1850 2183 2237 2254 credibilius
2307 2193 2441 2269 est,
2542 2185 2929 2269 Seleucum,

684 2312 892 2379 quem
945 2286 1162 2385 ἡδέως
1211 2286 1521 2360 πίνοντα
1557 2287 1854 2374 viderat,
1940 2312 1981 2355 a
2034 2288 2564 2379 Mnesiptolemo
2590 2289 2934 2360 ,introdu-

685 2402 871 2463 ctum
913 2392 1114 2460 fuisse
1157 2392 1253 2459 ita
1297 2391 1660 2484 magnifice
1699 2391 2123 2481 loquentem,
2174 2415 2379 2481 quam
2410 2393 2635 2483 ipsum
2665 2391 2931 2461 Mnesi-

682 2493 1065 2589 ptolemum
1110 2494 1182 2562 in
1229 2494 1353 2562 tali
1403 2518 1478 2563 re
1534 2494 2132 2563 commemoranda
2175 2497 2306 2563 isto
2354 2517 2609 2587 genere
2657 2495 2931 2565 dicendi

683 2623 878 2669 usum
937 2622 1099 2671 esse.
1215 2598 1379 2667 Hoc
1421 2598 1600 2670 enim
1646 2599 1840 2667 nimis
1879 2598 2188 2691 ineptum
2231 2598 2493 2667 fnisset:
2558 2599 2729 2667 illud
2766 2620 2927 2669 vero

685 2702 943 2792 aliquid
991 2702 1425 2770 excusationis
1463 2702 1801 2787 habebat,
1875 2725 2146 2794 regem,
2210 2703 2386 2771 bene
2436 2702 2565 2769 sibi
2618 2726 2764 2782 esse
2822 2702 2930 2771 di-

685 2817 984 2891 centem,
1032 2804 1104 2872 in
1140 2806 1645 2897 compotatione
1674 2805 1824 2898 ipsa
1864 2806 2103 2896 paullo
2145 2805 2465 2874 tumidius
2498 2806 2708 2894 loqui.

888 3010 1174 3080 Veniam
1208 3034 1419 3101 nunc,
1486 3035 1625 3114 quo
1666 3011 2035 3082 volebam.
2110 3009 2323 3082 Ridet
2361 3010 2641 3101 quidem
2684 3008 2928 3104 Epini-
3024 3067 3031 3071 ,

686 3136 803 3184 cus
848 3113 1448 3206 Mnesiptolemum
1497 3107 1786 3207 propter
1828 3116 2133 3183 inflatum
2177 3137 2392 3206 genus
2440 3114 2711 3185 dicendi
2728 3164 2752 3202 ,
2806 3139 2953 3185 ve·-

680 3241 835 3288 rum
863 3240 1001 3285 non
1041 3216 1213 3284 illud
1256 3218 1625 3310 significat,
1681 3219 1921 3288 dixisse
1969 3241 2124 3286 eum
2171 3242 2349 3306 quae
2386 3218 2523 3289 dici
2570 3228 2924 3309 nequeant,
3008 3291 3009 3296 ,
3132 3263 3141 3270 .

684 3321 808 3391 sed
851 3320 994 3390 hoc
1050 3329 1275 3405 notat,
1358 3321 1545 3411 quod
1602 3324 1673 3390 in
1719 3322 1920 3389 rebus
1979 3321 2255 3390 exilibus
2312 3332 2499 3390 tanto
2567 3325 2927 3392 verborum

682 3427 965 3517 strepitu
995 3425 1325 3493 abutatur.
1429 3425 1673 3513 Itaque
1716 3447 1854 3492 non
1905 3425 2270 3494 conficeret
2314 3434 2510 3514 rem‚‘
2544 3427 2662 3515 qui
2702 3419 2925 3519 ἑσμὸν

680 3530 1017 3624 μελίσσης
1060 3550 1190 3620 pro
1236 3528 1441 3596 melle
1470 3528 1577 3597 vel
1611 3529 1814 3621 copia
1843 3528 2064 3598 mellis
2105 3551 2146 3596 a
2191 3529 2341 3597 solo
2373 3525 2924 3621 Mnesiptolemo,

679 3645 757 3701 ut
787 3634 1114 3724 scriptore
1141 3634 1378 3725 inepto
1397 3681 1417 3718 ,
1471 3632 1731 3702 dictum
1774 3631 2229 3701 contenderet.
2302 3632 2475 3703 2Sed
2503 3633 2757 3702 cautius
2788 3633 2927 3701 sol-

680 3738 903 3803 venda
945 3747 1046 3804 est
1091 3736 1268 3806 haec
1314 3736 1684 3821 dubitatio,
1748 3736 2292 3825 videndumque,
2375 3760 2498 3822 ne,
2567 3737 2622 3805 si
2684 3737 2925 3806 eadem
3020 3815 3027 3820 ‚

589 3851 675 3914 71
692 3841 899 3907 verba
945 3839 1015 3906 in
1050 3861 1126 3909 re
1176 3839 1370 3933 gravi
1417 3850 1716 3932 aptoque
1758 3839 1918 3924 l9co
1951 3849 2269 3930 usurpata
2313 3849 2526 3908 essent
2541 3887 2563 3924 ,
2612 3840 2788 3908 nihil
2820 3864 2926 3909 es-

689 3951 836 4010 sent
878 3941 1270 4011 offensionis
1306 3942 1646 4013 habitura.
1686 3956 1690 3960 “
1753 3944 1982 4027 Quum
2030 3947 2256 4011 autem
2305 3942 2482 4013 duae
2525 3945 2926 4037 interpreta-

684 4046 900 4114 tiones
926 4055 1262 4136 prostent,
1313 4046 1403 4114 de
1445 4058 1727 4137 utraque
1761 4068 2060 4115 seorsum
2103 4046 2566 4136 quaerendum
2598 4059 2720 4119 est.
2820 4050 2926 4117 Ac

636 4173 639 4177 ’
678 4158 867 4229 recte
904 4150 1180 4216 omnino
1221 4159 1430 4241 negat
1474 4152 1849 4236 BarkeruS,
1901 4142 2129 4243 ἑσμόν
2171 4146 2508 4247 μελίσσης
2557 4174 2759 4242 posse
2801 4174 2927 4221 co·-

679 4252 870 4346 piam
911 4251 1128 4319 mellis
1172 4253 1582 4344 significare:
1632 4277 1868 4324 verum
1909 4255 2239 4323 rationem
2278 4252 2488 4336 huius
2531 4256 2631 4323 rei
2674 4256 2922 4324 vellem

682 4355 1109 4449 explicuisset
1152 4356 1255 4425 vir
1297 4358 1909 4447 praestantissimus.
2031 4359 2211 4426 Nam
2255 4380 2415 4426 usus
2457 4358 2605 4448 ipse
2656 4383 2786 4452 per
2831 4382 2922 4442 se,

679 4460 843 4532 licet
870 4458 1177 4555 plurimis
1211 4461 1534 4554 exemplis
1566 4463 2029 4551 confirmatus»,
2080 4484 2219 4531 non
2247 4470 2502 4532 tantam
2528 4462 2740 4534 habet
2767 4459 2954 4548 vim,
