3325 5317
559 433 570 442 ‘
728 427 859 493 m
943 422 1043 487 DE
1081 423 1158 487 R.
1191 419 1572 486 numum
1615 419 1958 501 mstvss
1996 421 2367 486 nomon
2404 423 2769 508 'mamm

1746 553 2797 690 mmst‘eatcapitesismeo

982 696 2264 787 natus,3temntaiuntmnewam
2314 697 2860 778 esseeonvez

728 929 866 977 non
910 906 1114 976 etiam
1129 952 1153 992 ,
1220 904 1340 974 ubi
1397 903 1789 997 exemplum
1833 900 2148 991 affertur,
2216 904 2786 998 comprehensum
2828 903 2964 972 iam

726 1012 846 1097 iis,
895 1010 1138 1102 quibus
1170 1008 1328 1098 quia
1354 1006 1922 1101 comprehensum
1963 1016 2099 1093 est,
2152 1016 2252 1077 est
2291 1011 2497 1078 etiam
2537 1008 2774 1077 simile.
2835 1006 2964 1076 Cui

726 1114 824 1183 rei
866 1111 1350 1207 significandae
1398 1112 1507 1181 ita
1552 1121 1791 1204 aptum
1828 1119 1946 1180 est.
2046 1111 2265 1181 Recte
2304 1111 2527 1182 dicas:
2588 1111 2708 1183 hic
2747 1110 2977 1179 malas‘

725 1218 958 1287 scribit
996 1215 1297 1285 fabulas:
1361 1214 1454 1284 ita
1493 1214 1792 1284 Phasma
1835 1213 2115 1306 scripsit.
2231 1214 2301 1284 N
2301 1237 2390 1283 on
2441 1224 2629 1287 recte
2685 1213 2962 1283 dixeris:

724 1318 845 1391 hic
878 1320 1090 1390 malas
1121 1317 1353 1391 scribit
1394 1318 1697 1387 fabulas:
1757 1318 1923 1387 item
1968 1315 2235 1408 scripsit
2285 1317 2605 1393 Phasma.
2709 1317 2962 1387 Contra

726 1446 868 1492 non
911 1431 1096 1496 recte
1142 1422 1365 1494 dices:
1426 1420 1549 1514 hic
1585 1421 1768 1491 male
1804 1419 2066 1513 scripdt
2106 1419 2435 1492 Phasmae
2499 1422 2592 1491 ita
2641 1420 2960 1490 Thesau-

724 1549 915 1609 rum3
980 1534 1167 1598 recte
1204 1545 1402 1594 veroz
1462 1523 1583 1592 hic
1623 1523 1922 1593 Phasma
1975 1523 2155 1593 male
2199 1524 2494 1618 scripfflt:
2554 1526 2721 1593 item
2762 1524 2960 1594 The-

724 1653 1013 1700 sautum.
1114 1628 1226 1697 Ex
1277 1648 1416 1717 quo
1460 1626 1760 1716 sequitur
1815 1627 2110 1697 alienum
2152 1650 2294 1697 esse
2349 1629 2437 1697 ab
2483 1628 2604 1695 illo
2658 1625 2961 1695 Terentii

722 1736 883 1803 loco
913 1734 1081 1802 item
1125 1737 1242 1808 ηις
1289 1750 1421 1799 nec
1460 1731 1682 1798 minus
1718 1731 1886 1799 item
1915 1729 2054 1798 sine
2085 1738 2198 1819 ut,
2250 1729 2830 1820 quemadmodum
2863 1737 2962 1799 est

720 1837 792 1904 in
830 1835 952 1903 illa
993 1832 1247 1903 Donati
1289 1831 1740 1901 adnotatione.
1843 1832 1987 1902 Sed
2028 1833 2365 1903 mittamus
2409 1834 2592 1905 hanc
2644 1836 2962 1903 observa-

720 1940 979 2007 tionem
1029 1936 1311 2023 Donati,
1379 1959 1559 2026 quae
1594 1937 1877 2006 fortasse
1926 1960 2015 2008 ne
2071 1946 2174 2006 est
2214 1937 2493 2027 quidem
2536 1937 2737 2006 huius
2754 1985 2777 2023 ‚
2840 1934 2963 2006 sed

721 2042 894 2111 alius
924 2040 1317 2129 cuiusquam
1342 2039 1691 2108 adnotatio
1706 2089 1729 2129 ‚
1778 2040 1950 2109 item
1985 2040 2057 2109 in
2090 2050 2415 2131 corrupto
2442 2042 2685 2112 codice
2714 2042 2961 2132 legen·

716 2144 834 2213 tisz
884 2143 1054 2236 quid
1082 2144 1256 2212 illud
1304 2152 1440 2232 est,
1492 2142 1687 2235 quod
1717 2165 1984 2212 versum
2009 2144 2211 2213 istum
2249 2166 2380 2215 nec
2409 2166 2568 2215 cum
2595 2143 2955 2235 prioribus,

605 2243 610 2248 ’
716 2272 848 2319 nec
886 2270 1044 2320 cum
1096 2247 1524 2339 sequentibus
1565 2246 1940 2318 cohaerere
1987 2246 2079 2315 ait
2121 2247 2470 2317 Bentleius
2484 2247 2519 2315 Ρ
2587 2247 2961 2339 Imperioso

717 2352 861 2422 hoc
891 2352 1149 2422 dictum
1180 2359 1311 2432 est3
1360 2350 1633 2420 minime
1666 2372 1847 2419 vere.
1948 2350 2128 2419 Nam
2170 2350 2317 2440 quis
2366 2350 2613 2435 nescit,
2661 2349 2805 2421 hoc
2829 2343 2971 2420 ινα-ἕ

718 2456 1041 2526 cabulum
1070 2454 1265 2524 idem
1295 2462 1533 2523 natura
1564 2476 1685 2522 sua
1708 2452 2080 2526 nectendae
2115 2454 2398 2522 orationi
2431 2453 2754 2523 inservire
2767 2505 2787 2542 ,
2838 2450 2958 2522 ubi

716 2558 997 2649 quidem
1028 2556 1120 2628 de
1167 2557 1417 2627 eodem
1463 2557 1728 2627 diversa
1752 2556 2226 2649 praedicantur
2242 2556 2277 2624 ?
2325 2553 2683 2626 Horatius:
2729 2554 2956 2650 tusor-

716 2684 904 2731 mes
897 2662 1179 2732 Memes
1226 2660 1507 2732 reducit
1557 2660 1923 2755 Iuppiter=
1983 2660 2178 2730 idem
2226 2658 2604 2730 submovet.
2724 2660 2820 2729 Et
2861 2657 2958 2729 sic

715 2764 1073 2833 Terentius
1115 2763 1235 2835 hic
1275 2763 1616 2857 aptissime
1660 2763 1805 2836 hoc
1838 2765 2179 2834 vocabulo
2227 2786 2383 2833 usus
2428 2773 2525 2833 est
2572 2763 2664 2832 ad
2705 2785 2960 2836 conne-

716 2868 999 2952 ctenda‚
1051 2890 1228 2957 quae
1261 2866 1354 2936 de
1387 2875 1601 2959 poeta
1627 2867 1758 2936 isto
1801 2868 2030 2937 refert.
2096 2868 2290 2937 Bene
2323 2867 2673 2953 vertendo,
2721 2866 2958 2958 inquit,

717 2993 803 3039 ex
836 2916 1118 3041 Gra’oeis
1156 2971 1353 3039 bonis
1381 2970 1654 3040 Latinas
1697 2971 1962 3040 fabulas
2006 2970 2174 3040 fecit
2221 2991 2359 3039 non
2395 2973 2648 3056 bom,
2698 2970 2742 3038 i.
2776 2994 2879 3040 e.
2864 2976 2958 3037 ut

713 3083 904 3142 recte
957 3073 1303 3141 Bentleius
1318 3121 1341 3159 ,
1433 3074 1740 3143 oratione
1794 3097 2037 3166 parum
2088 3073 2332 3142 Latina
2379 3075 2693 3166 scriptas:
2770 3074 2958 3142 idem

715 3174 1083 3243 Menandri
1097 3167 1102 3174 ’
1116 3175 1415 3245 Phasma
1456 3199 1637 3247 nunc
1677 3201 1898 3270 nuper
1940 3177 2131 3247 dedit
2147 3226 2168 3264 ,
2231 3187 2437 3267 atque
2481 3178 2553 3245 in
2599 3177 2958 3246 Thesauro

712 3279 943 3371 posuit
983 3278 1323 3367 quaedam
1347 3279 1569 3348 ·valde
1611 3280 1925 3349 absurda.
2038 3281 2120 3349 In
2159 3279 2522 3349 Phasmate
2566 3280 2732 3369 quid
2785 3301 2957 3372 pec-

714 3383 970 3453 caverit
1007 3382 1133 3452 iste
1147 3431 1168 3469 ,
1218 3382 1570 3451 nescimus.
1671 3382 1885 3451 Aliud
1916 3392 2122 3470 certe,
2173 3406 2381 3473 quam
2419 3384 2792 3452 orationem
2819 3404 2957 3451 non

712 3487 870 3556 satis
935 3485 1246 3555 Latinam
1290 3485 1543 3571 notari,
1625 3496 1913 3578 apparet
1967 3508 2052 3555 ex
2110 3487 2262 3579 ipsa
2315 3488 2439 3554 illa
2507 3507 2680 3556 voce
2743 3488 2955 3555 idem.

711 3590 1047 3680 Loquitur
1092 3601 1315 3660 autem
1365 3598 1444 3660 ut
1492 3589 1582 3659 de
1636 3613 1715 3660 re
1758 3597 1921 3659 nota
1963 3613 2123 3664 cum
2180 3590 2479 3681 quadam
2536 3599 2961 3681 contemptus

703 3693 1202 3784 significatione
1219 3742 1241 3780 ‚
1321 3704 1397 3762 ut
1448 3693 1691 3787 colligi
1733 3694 1946 3785 possit
1960 3742 1981 3779 ‚
2058 3693 2242 3764 hanc
2294 3693 2602 3762 fabulam
2646 3703 2764 3762 aut
2806 3715 2960 3762 non

625 3804 713 3865 lo
724 3797 976 3866 stetisse
992 3845 1013 3882 ,
1066 3807 1182 3865 aut
1208 3805 1393 3868 certe
1421 3797 1629 3866 valde
1668 3796 2107 3888 displicuisse.
2212 3797 2294 3864 ln
2341 3796 2704 3865 Thesauro
2734 3806 2961 3865 autem

726 3909 1037 3986 apertum
1079 3909 1181 3969 est
1227 3922 1367 3968 non
1406 3901 1783 3970 orationem
1797 3948 1819 3984 ‚
1869 3900 1991 3968 sed
2031 3899 2483 3969 inventionem
2524 3898 2960 3991 reprehendi.

669 3993 672 3996 ’
723 3999 963 4089 Itaque
986 4010 1244 4070 tantum
1283 4004 1509 4090 abest,
1560 4014 1638 4074 ut
1678 4002 2136 4072 damnandum
2165 4005 2248 4072 sit
2275 4002 2500 4091 idem,
2552 4013 2627 4071 ut
2655 4002 2963 4073 videatur

718 4102 948 4194 potius
980 4105 1179 4174 unice
1201 4128 1436 4176 verum
1460 4106 1899 4179 iudicandum
1941 4128 2104 4177 esse.
2207 4105 2391 4192 Quin
2421 4106 2717 4175 dubitari
2760 4106 2962 4175 etiam

719 4204 897 4276 illud
933 4214 1191 4297 potest,
1243 4232 1330 4277 an
1362 4209 1489 4278 ista
1527 4210 1778 4280 Donati
1809 4209 2153 4280 adnotatio
2173 4257 2196 4295 ‚
2243 4232 2382 4298 qua
2419 4208 2511 4277 ad
2543 4209 2964 4278 emendatio-

720 4332 880 4378 nem
924 4309 1310 4380 faciendam
1348 4334 1504 4383 usus
1539 4323 1636 4383 est
1672 4313 2018 4384 Bentleius
2034 4365 2054 4402 ‚
2105 4313 2308 4383 etiam
2343 4312 2700 4382 confirmet
2743 4312 2961 4381 libro-

722 4435 874 4484 rum
901 4412 1333 4532 scripturam:
1383 4417 1440 4485 si
1469 4418 1748 4507 quidem
1775 4439 1913 4489 non
1945 4418 2173 4511 inepte
2204 4416 2521 4489 coniicias
2534 4462 2558 4503 ,
2608 4416 2961 4486 Donatum
