3325 5317
993 534 998 539 ,
1124 452 1770 520 msssnrsrro
1820 455 1872 521 1.
2469 460 2605 528 uo

348 622 530 699 Nam
554 623 751 695 illum
783 621 998 721 longe
1027 625 1216 696 aliud
1243 627 1411 718 quid
1442 628 1684 701 dixisse
1714 630 1787 699 in
1828 616 2158 724 promptu
2197 628 2325 700 erit
2361 650 2602 703 recor-2

348 727 540 801 danti
576 728 1051 820 Aristophanis
1097 729 1168 798 in
1215 732 1426 803 Ranis
1473 756 1537 821 v.
1579 731 1774 802 1021
1788 783 1806 801 .
1869 756 1953 804 ex
1987 753 2127 824 quo
2173 732 2337 804 loco
2379 734 2599 806 corri-

344 830 656 926 gendum
705 856 852 902 esse
875 892 879 899 .
904 832 1353 906 Plutarchum
1395 836 1533 906 iam
1566 836 1905 906 Stanleius
1947 836 2208 907 viderat
2249 836 2342 907 ad
2387 837 2597 908 vitam
2626 884 2631 895 ,

348 934 681 1026 Aeschyli
735 958 808 1028 p.
856 934 1032 1007 wo.
1094 938 1166 1007 b.
1282 939 1430 1010 Sed
1485 940 1843 1010 redeamus
1905 940 1999 1011 ad
2053 940 2597 1033 grammaticum,

348 1038 472 1128 qui
539 1038 718 1111 istud
777 1038 1310 1111 additamentum
1380 1043 1473 1114 ad
1518 1045 1752 1137 ⁸vitam
1823 1041 2153 1133 Aeschyli
2219 1043 2637 1135 adscripsiu

345 1142 676 1228 Quamvis
718 1143 896 1215 enim
941 1144 1182 1238 inepta
1223 1145 1307 1215 sit
1358 1145 1485 1215 ista
1543 1147 1834 1216 narratio
1851 1192 1875 1230 ‚
1956 1147 2172 1215 habet
2227 1170 2312 1215 ea
2368 1157 2596 1216 tamen
2633 1199 2639 1205 -

335 1243 736 1337 duplicem,
807 1267 1032 1337 neque
1091 1270 1246 1317 eam
1306 1248 1531 1319 levem
1570 1250 1946 1319 utilitatem.
2047 1249 2349 1319 Primum
2393 1250 2596 1337 enim,

350 1348 673 1438 quoniam
722 1371 1026 1421 caussam
1041 1397 1064 1436 ‚
1144 1373 1354 1441 quare
1420 1352 1512 1421 ita
1570 1354 1786 1422 territi
1845 1351 2095 1422 fuerint
2157 1362 2597 1444 spectatores,

348 1472 486 1522 non
526 1452 598 1521 in
629 1474 914 1523 numero
955 1453 1315 1524 Furiarum
1359 1457 1553 1546 ponit
1591 1456 2068 1548 grammaticus
2083 1501 2105 1539 ,
2153 1453 2292 1526 hac
2331 1457 2478 1547 ipsa
2518 1479 2598 1525 re

345 1554 657 1627 dubitare
695 1577 819 1626 nos
859 1556 1053 1649 cogit
1082 1556 1175 1627 de
1206 1558 1486 1628 veritate
1529 1560 1801 1627 alterius
1841 1559 2262 1645 narrationis,
2330 1560 2420 1629 de
2458 1582 2597 1649 qua

344 1659 567 1729 statim
610 1660 1129 1752 explicabimus:
1180 1660 1429 1731 deinde
1479 1662 1685 1731 aliam
1732 1661 1931 1730 affert
1950 1663 2232 1731 terroris
2269 1686 2594 1748 caussam,

348 1785 640 1852 eamque
680 1764 921 1847 talem,
985 1786 1163 1854 quae
1202 1764 1293 1833 ad
1334 1765 1551 1857 ipsam
1603 1766 1878 1849 fabulae
1921 1765 2347 1856 Aeschyleae
2385 1766 2596 1834 inter-

342 1867 794 1960 pretationem
858 1867 1122 1960 insigne
1179 1879 1602 1939 momentum
1660 1868 1953 1953 habeat,
2033 1878 2311 1960 poetam
2357 1869 2596 1938 Furias

347 1962 718 2068 σποράδην
764 1969 1206 2040 introduxisse
1248 1971 1495 2041 dicens.
1615 1972 1827 2059 Quod
1872 1971 2035 2062 quid
2075 1973 2188 2059 sit,
2253 1973 2428 2041 infra
2475 1994 2641 2041 ex-··
2662 1988 2677 2011 *¹

344 2073 751 2166 planabitur.
852 2056 1387 2166 Progrediamur
1434 2097 1606 2169 ergo
1651 2076 1741 2146 ad
1786 2077 2178 2163 Pollucem,
2256 2098 2396 2165 quo
2445 2075 2592 2143 solo

345 2187 623 2250 auctore
651 2175 901 2247 chorus
926 2178 1224 2270 tragicus
1268 2202 1482 2269 usque
1531 2179 1622 2248 ad
1649 2179 2064 2247 Eumenides
2104 2179 2596 2271 quinquaginta

342 2301 666 2373 personas
693 2279 1011 2350 habuisse
1037 2281 1355 2352 creditur.
1455 2282 1711 2354 Scribit
1755 2291 1981 2351 autem
2009 2282 2259 2350 Pollux
2301 2283 2418 2367 ita,
2468 2282 2590 2350 lib.
2636 2331 2640 2336 -
2685 2328 2688 2332 ι
2746 2288 2750 2290 ’

344 2384 466 2453 IV·
519 2381 695 2451 110·
746 2376 841 2458 ‘to‘
883 2384 961 2457 δὲ
1007 2379 1326 2458 παλαιόν
1387 2381 1432 2457 ὀ
1472 2378 1810 2484 τραγικός
1873 2377 2088 2480 χορός
2138 2379 2594 2480 πεντήκοντα

344 2483 574 2584 ἦσαν,
657 2483 835 2583 ἄχρι
899 2486 1048 2560 τῶν
1098 2483 1530 2579 Εὐμενίδων
1588 2480 2005 2577 Αἰσχύλου·
2086 2480 2264 2582 uode
2321 2488 2399 2560 δὲ
2456 2481 2593 2560 τόν

346 2588 567 2682 ὄχλον
612 2584 853 2662 αὐτῶν
887 2588 1027 2662 τοῦ
1072 2583 1398 2685 ’,πλήθους
1435 2590 2000 2688 ἐκπτοηθέντος,
2053 2591 2502 2663 συνέστειλεν
2547 2586 2593 2662 ὁ

346 2686 570 2784 νόμος
614 2694 736 2772 εἰῶ
757 2684 1033 2765 ἐλάττω
1071 2685 1404 2788 ἀριθμόν
1443 2686 1580 2766 τόν
1621 2687 1868 2785 χορόν.
1974 2691 2217 2761 Solum
2249 2692 2427 2763 haec
2454 2692 2596 2760 dixi

344 2795 704 2873 Pollucem
729 2795 1027 2865 tradere:
1078 2796 1374 2887 graviter
1402 2796 1583 2864 enim
1624 2795 1983 2882 falluntur,
2034 2795 2185 2885 qui,
2237 2796 2428 2886 quod
2456 2798 2595 2865 Pe·-

345 2898 501 2987 titus
549 2898 643 2967 ad
682 2897 875 2990 leges
910 2899 1170 2970 Atticas
1209 2922 1281 2991 Ρ.
1328 2897 1451 2967 66.
1494 2898 1704 2991 (138.
1751 2900 1861 2968 ed.
1891 2898 2205 2990 Wessel.)
2274 2898 2593 2997 Kiihnius
2650 2932 2651 2935 ¹

345 3002 437 3073 ad
466 3002 823 3076 Pollucem
840 3049 861 3088 ‚
916 3011 983 3071 et
1002 3003 1360 3073 ⁴Stanleius
1401 3003 1490 3071 ad
1528 3005 1736 3072 vitam
1785 3001 2116 3092 Aeschyli
2168 3025 2241 3094 Ρ.
2284 3002 2459 3071 7⁰2.
2507 3005 2641 3075 ba

343 3105 640 3190 faciunt,
692 3104 784 3174 de
823 3105 1065 3176 eadem
1109 3128 1184 3176 re
1220 3106 1603 3199 intelligunt
1646 3106 1858 3175 verba
1888 3106 2262 3185 Aristotelis
2298 3106 2377 3174 in'
2411 3107 2588 3175 libro
2626 3158 2637 3169 ,

345 3208 436 3279 de
463 3217 609 3277 arte
640 3209 917 3298 poetica
962 3230 1023 3280 c.
1053 3209 1173 3277 IV.
1223 3207 1345 3278 16.
1388 3210 1508 3283 καὶ
1557 3202 1657 3282 τά
1697 3209 1838 3282 τοῦ
1883 3209 2110 3309 χοροῦ
2147 3203 2583 3307 ἠλάττωσεν.
2645 3237 2648 3241 ’

344 3311 739 3405 Aristoteles
781 3335 920 3383 non
961 3312 1051 3383 de
1093 3315 1396 3404 personis
1458 3312 1782 3400 choriciS,
1864 3313 1984 3383 sed
2034 3312 2124 3383 de
2185 3313 2588 3383 carminibus

343 3417 678 3506 loquitur}
729 3417 890 3504 quin
924 3439 1012 3485 ne
1058 3417 1282 3508 potuit
1317 3416 1595 3506 quidem
1632 3438 1955 3509 personas
1993 3417 2063 3485 in
2104 3427 2329 3484 mente
2367 3416 2589 3483 habe-

343 3541 457 3610 re,
525 3519 722 3609 quia,
792 3521 849 3588 si
906 3519 1071 3613 lege
1125 3530 1396 3591 cautum
1458 3530 1559 3589 est
1616 3529 1903 3611 propter
1954 3518 2366 3588 Eumenides
2415 3518 2587 3602 illas,

343 3645 444 3691 ne·
478 3620 746 3701 chorus
790 3623 970 3692 ultra
1033 3624 1166 3692 XV
1220 3647 1544 3716 personas
1599 3622 1922 3706 haberet,
1997 3622 2072 3690 id
2118 3644 2255 3690 non
2315 3630 2416 3689 est
2460 3644 2589 3689 au-

343 3735 531 3796 ctore
583 3723 936 3816 Aeschylo
986 3727 1245 3800 factum
1259 3773 1280 3814 ,
1361 3727 1484 3797 sed
1538 3726 1813 3796 nolente
1857 3722 2226 3814 Aeschylo.
2355 3722 2589 3792 Multo

341 3832 578 3900 urinas
603 3828 996 3899 Philostrati
1032 3830 1226 3901 locus
1270 3831 1362 3902 de
1401 3831 1540 3899 vita
1579 3827 1933 3919 Apollonii
1969 3827 2092 3902 vl.
2142 3823 2266 3894 ll.
2288 3848 2379 3917 ·Ρ.
2412 3825 2586 3895 244.

343 3957 387 4002 a
415 3933 724 4005 Stanleio
768 3943 844 4003 et
877 3933 1156 4004 Oleario
1197 3934 1341 4007 huc
1361 3933 1556 4002 trahi
1591 3932 1920 4015 debebat,
1984 3931 2056 3998 in
2100 3953 2238 4021 quo
2281 3931 2592 4001 additum

337 4032 717 4133 ἀποτάδην
761 4039 923 4107 satis
974 4036 1227 4111 docere
1270 4046 1543 4129 poterat
1558 4083 1582 4122 ,
1647 4034 2135 4129 Philostratum
2182 4057 2458 4126 quoqne
2499 4035 2590 4104 de

342 4140 564 4233 longis
594 4139 792 4211 chori
820 4142 1228 4225 carminibus
1261 4142 1472 4232 loqui.
1579 4137 2034 4209 crediderunt
2065 4147 2292 4209 autem
2318 4137 2591 4236 Polluci

347 4265 482 4314 uon
509 4243 724 4320 modo
753 4245 1031 4331 Peticus,
1081 4246 1450 4329 stanleiuffi
1500 4241 1817 4311 Kiihnius
1834 4289 1855 4328 ‚
1905 4242 2294 4313 Perizonius
2308 4292 2329 4328 ‚
2361 4244 2590 4334 Berg-

343 4346 539 4435 lerus,
590 4347 862 4438 aliique,
917 4370 1089 4439 quos
1125 4349 1579 4440 Boettigerus
1595 4348 2173 4433 commemoravit,
2224 4345 2348 4416 sed
2380 4346 2583 4414 etiam
2617 4375 2629 4391 ·

347 4448 643 4544 llgenius
681 4452 751 4525 in
803 4453 1274 4537 dissertatione.
1300 4452 1392 4523 de
1427 4446 1653 4541 choro
1690 4451 1957 4546 tragico
1978 4474 2052 4545 Ρ.
2084 4446 2207 4519 55.
2261 4446 2583 4540 opuscu-

446 4555 693 4626 Hmm.
747 4554 884 4631 Or.
938 4550 1035 4648 11„
1183 4558 1191 4565 ”
1439 4554 1450 4563 “
1936 4646 1951 4679 ι
2174 4551 2211 4620 1
