<?xml version="1.0" encoding="UTF-8"?>
<!DOCTYPE html PUBLIC "-//W3C//DTD XHTML 1.0 Transitional//EN"
    "http://www.w3.org/TR/xhtml1/DTD/xhtml1-transitional.dtd">
<html xmlns="http://www.w3.org/1999/xhtml" xml:lang="en" lang="en">
 <head>
  <title>
</title>
<meta http-equiv="Content-Type" content="text/html;charset=utf-8" />
  <meta name='ocr-system' content='tesseract 3.04.00' />
  <meta name='ocr-capabilities' content='ocr_page ocr_carea ocr_par ocr_line ocrx_word'/>
</head>
<body>
  <div class='ocr_page' id='page_1' title='image "./godofrediherman01fritgoog_0198.png"; bbox 0 0 3325 5317; ppageno 0'>
   <div class='ocr_carea' id='block_1_1' title="bbox 744 463 2976 558">
    <p class='ocr_par' dir='ltr' id='par_1_1' title="bbox 744 463 2976 558">
     <span class='ocr_line' id='line_1_1' title="bbox 744 463 2976 558; baseline -0.004 -23"><span class='ocrx_word' id='word_1_1' title='bbox 744 471 904 534; x_wconf 63' lang='lat'>194</span> <span class='ocrx_word' id='word_1_2' title='bbox 978 467 1080 527; x_wconf 83' lang='lat' dir='ltr'>DE</span> <span class='ocrx_word' id='word_1_3' title='bbox 1122 464 1646 558; x_wconf 56' lang='lat' dir='ltr'>MYTHOLOGIA</span> <span class='ocrx_word' id='word_1_4' title='bbox 1676 464 2156 527; x_wconf 77' lang='lat' dir='ltr'>GRAEcoRVM</span> <span class='ocrx_word' id='word_1_5' title='bbox 2196 463 2752 541; x_wconf 78' lang='lat' dir='ltr'><strong>ANTIQVISSIMA</strong></span> <span class='ocrx_word' id='word_1_6' title='bbox 2792 464 2976 527; x_wconf 85' lang='lat' dir='ltr'>mss.</span> 
     </span>
    </p>
   </div>
   <div class='ocr_carea' id='block_1_2' title="bbox 772 635 3025 2177">
    <p class='ocr_par' dir='ltr' id='par_1_2' title="bbox 772 635 3025 2177">
     <span class='ocr_line' id='line_1_2' title="bbox 986 635 3025 730; baseline -0 -22"><span class='ocrx_word' id='word_1_7' title='bbox 986 639 1334 709; x_wconf 76' lang='lat' dir='ltr'><strong>Hactenus</strong></span> <span class='ocrx_word' id='word_1_8' title='bbox 1363 636 1722 706; x_wconf 64' lang='lat' dir='ltr'>Hesiodus.</span> <span class='ocrx_word' id='word_1_9' title='bbox 1826 635 2025 730; x_wconf 81' lang='lat' dir='ltr'>Quae</span> <span class='ocrx_word' id='word_1_10' title='bbox 2062 638 2527 729; x_wconf 78' lang='lat' dir='ltr'>percensenda</span> <span class='ocrx_word' id='word_1_11' title='bbox 2568 638 2731 708; x_wconf 85' lang='lat' dir='ltr'>duxi</span> <span class='ocrx_word' id='word_1_12' title='bbox 2769 639 3025 726; x_wconf 86' lang='lat' dir='ltr'>omnia,</span> 
     </span>
     <span class='ocr_line' id='line_1_3' title="bbox 773 733 3023 835; baseline -0.001 -23"><span class='ocrx_word' id='word_1_13' title='bbox 773 765 914 835; x_wconf 90' lang='lat' dir='ltr'>quo</span> <span class='ocrx_word' id='word_1_14' title='bbox 942 766 1031 812; x_wconf 90' lang='lat' dir='ltr'>ue</span> <span class='ocrx_word' id='word_1_15' title='bbox 1046 791 1068 829; x_wconf 90' lang='lat'>‚</span> <span class='ocrx_word' id='word_1_16' title='bbox 1120 743 1176 810; x_wconf 89' lang='lat' dir='ltr'>si</span> <span class='ocrx_word' id='word_1_17' title='bbox 1202 743 1538 832; x_wconf 79' lang='lat' dir='ltr'>quaedam</span> <span class='ocrx_word' id='word_1_18' title='bbox 1568 750 1828 809; x_wconf 86' lang='lat' dir='ltr'>tantum</span> <span class='ocrx_word' id='word_1_19' title='bbox 1861 733 2251 833; x_wconf 74' lang='lat' dir='ltr'>attigissem,</span> <span class='ocrx_word' id='word_1_20' title='bbox 2304 764 2386 810; x_wconf 87' lang='lat' dir='ltr'>ea</span> <span class='ocrx_word' id='word_1_21' title='bbox 2412 741 2680 811; x_wconf 85' lang='lat' dir='ltr'>viderer</span> <span class='ocrx_word' id='word_1_22' title='bbox 2708 744 3023 835; x_wconf 81' lang='lat' dir='ltr'>elegisse,</span> 
     </span>
     <span class='ocr_line' id='line_1_4' title="bbox 774 843 3024 939; baseline 0 -23"><span class='ocrx_word' id='word_1_23' title='bbox 774 872 953 939; x_wconf 90' lang='lat' dir='ltr'>quae</span> <span class='ocrx_word' id='word_1_24' title='bbox 995 869 1151 917; x_wconf 84' lang='lat' dir='ltr'>casu</span> <span class='ocrx_word' id='word_1_25' title='bbox 1191 843 1579 915; x_wconf 78' lang='lat' dir='ltr'>huiusmodi</span> <span class='ocrx_word' id='word_1_26' title='bbox 1612 846 2230 937; x_wconf 77' lang='lat' dir='ltr'>interpretationem</span> <span class='ocrx_word' id='word_1_27' title='bbox 2268 845 2717 915; x_wconf 84' lang='lat' dir='ltr'>admitterent.</span> <span class='ocrx_word' id='word_1_28' title='bbox 2817 848 3024 916; x_wconf 85' lang='lat' dir='ltr'>Nunc</span> 
     </span>
     <span class='ocr_line' id='line_1_5' title="bbox 774 948 3022 1044; baseline -0.001 -25"><span class='ocrx_word' id='word_1_29' title='bbox 774 961 1139 1044; x_wconf 87' lang='lat' dir='ltr'>postquam</span> <span class='ocrx_word' id='word_1_30' title='bbox 1165 948 1477 1019; x_wconf 89' lang='lat' dir='ltr'>eamdem</span> <span class='ocrx_word' id='word_1_31' title='bbox 1519 950 1824 1017; x_wconf 89' lang='lat' dir='ltr'>omnium</span> <span class='ocrx_word' id='word_1_32' title='bbox 1864 972 2005 1018; x_wconf 86' lang='lat' dir='ltr'>esse</span> <span class='ocrx_word' id='word_1_33' title='bbox 2047 949 2501 1026; x_wconf 84' lang='lat' dir='ltr'>conditionem</span> <span class='ocrx_word' id='word_1_34' title='bbox 2534 948 2830 1035; x_wconf 84' lang='lat' dir='ltr'>ostendi,</span> <span class='ocrx_word' id='word_1_35' title='bbox 2880 972 3022 1019; x_wconf 86' lang='lat' dir='ltr'>non</span> 
     </span>
     <span class='ocr_line' id='line_1_6' title="bbox 775 1052 3019 1148; baseline -0.001 -24"><span class='ocrx_word' id='word_1_36' title='bbox 775 1064 947 1148; x_wconf 90' lang='lat' dir='ltr'>puto</span> <span class='ocrx_word' id='word_1_37' title='bbox 1002 1053 1171 1123; x_wconf 89' lang='lat' dir='ltr'>mihi</span> <span class='ocrx_word' id='word_1_38' title='bbox 1220 1052 1590 1122; x_wconf 78' lang='lat' dir='ltr'>verendum</span> <span class='ocrx_word' id='word_1_39' title='bbox 1638 1076 1819 1137; x_wconf 84' lang='lat' dir='ltr'>esse,</span> <span class='ocrx_word' id='word_1_40' title='bbox 1905 1076 1992 1119; x_wconf 91' lang='lat' dir='ltr'>ne</span> <span class='ocrx_word' id='word_1_41' title='bbox 2047 1053 2196 1142; x_wconf 87' lang='lat' dir='ltr'>quis</span> <span class='ocrx_word' id='word_1_42' title='bbox 2250 1052 2487 1122; x_wconf 88' lang='lat' dir='ltr'>ludere</span> <span class='ocrx_word' id='word_1_43' title='bbox 2550 1077 2663 1122; x_wconf 87' lang='lat' dir='ltr'>me</span> <span class='ocrx_word' id='word_1_44' title='bbox 2729 1053 3019 1122; x_wconf 82' lang='lat' dir='ltr'>voluisse</span> 
     </span>
     <span class='ocr_line' id='line_1_7' title="bbox 775 1156 3018 1250; baseline -0 -23"><span class='ocrx_word' id='word_1_45' title='bbox 775 1160 1107 1250; x_wconf 89' lang='lat' dir='ltr'>opinetur.</span> <span class='ocrx_word' id='word_1_46' title='bbox 1225 1158 1365 1226; x_wconf 85' lang='lat' dir='ltr'>Res</span> <span class='ocrx_word' id='word_1_47' title='bbox 1425 1158 1572 1248; x_wconf 86' lang='lat' dir='ltr'>ipsa</span> <span class='ocrx_word' id='word_1_48' title='bbox 1626 1179 1791 1224; x_wconf 84' lang='lat' dir='ltr'>vero</span> <span class='ocrx_word' id='word_1_49' title='bbox 1842 1156 2040 1224; x_wconf 88' lang='lat' dir='ltr'>ludet</span> <span class='ocrx_word' id='word_1_50' title='bbox 2091 1156 2533 1249; x_wconf 81' lang='lat' dir='ltr'>mythologos</span> <span class='ocrx_word' id='word_1_51' title='bbox 2550 1206 2570 1243; x_wconf 89' lang='lat'>,</span> <span class='ocrx_word' id='word_1_52' title='bbox 2638 1156 3018 1242; x_wconf 83' lang='lat' dir='ltr'>historicos,</span> 
     </span>
     <span class='ocr_line' id='line_1_8' title="bbox 775 1260 3019 1356; baseline 0 -26"><span class='ocrx_word' id='word_1_53' title='bbox 775 1261 1244 1356; x_wconf 80' lang='lat' dir='ltr'>geographoS,</span> <span class='ocrx_word' id='word_1_54' title='bbox 1297 1284 1508 1350; x_wconf 90' lang='lat' dir='ltr'>quum</span> <span class='ocrx_word' id='word_1_55' title='bbox 1541 1282 1840 1351; x_wconf 84' lang='lat' dir='ltr'>operose</span> <span class='ocrx_word' id='word_1_56' title='bbox 1871 1260 2136 1328; x_wconf 88' lang='lat' dir='ltr'>firmata</span> <span class='ocrx_word' id='word_1_57' title='bbox 2168 1269 2704 1329; x_wconf 88' lang='lat' dir='ltr'>commentorum</span> <span class='ocrx_word' id='word_1_58' title='bbox 2748 1282 3019 1330; x_wconf 84' lang='lat' dir='ltr'>suorum</span> 
     </span>
     <span class='ocr_line' id='line_1_9' title="bbox 775 1362 3017 1455; baseline -0.002 -20"><span class='ocrx_word' id='word_1_59' title='bbox 775 1366 1215 1435; x_wconf 84' lang='lat' dir='ltr'>fundamenta</span> <span class='ocrx_word' id='word_1_60' title='bbox 1256 1365 1351 1435; x_wconf 90' lang='lat' dir='ltr'>sic</span> <span class='ocrx_word' id='word_1_61' title='bbox 1405 1364 1642 1455; x_wconf 86' lang='lat' dir='ltr'>spiritu</span> <span class='ocrx_word' id='word_1_62' title='bbox 1701 1363 1950 1431; x_wconf 82' lang='lat' dir='ltr'>difflari</span> <span class='ocrx_word' id='word_1_63' title='bbox 1999 1362 2343 1432; x_wconf 77' lang='lat' dir='ltr'>videbunt.</span> <span class='ocrx_word' id='word_1_64' title='bbox 2466 1364 2610 1434; x_wconf 89' lang='lat' dir='ltr'>Sed</span> <span class='ocrx_word' id='word_1_65' title='bbox 2658 1365 2729 1431; x_wconf 92' lang='lat' dir='ltr'>in</span> <span class='ocrx_word' id='word_1_66' title='bbox 2790 1364 3017 1433; x_wconf 87' lang='lat' dir='ltr'>litteris</span> 
     </span>
     <span class='ocr_line' id='line_1_10' title="bbox 776 1466 3015 1561; baseline -0.001 -22"><span class='ocrx_word' id='word_1_67' title='bbox 776 1493 980 1561; x_wconf 89' lang='lat' dir='ltr'>saepe</span> <span class='ocrx_word' id='word_1_68' title='bbox 1017 1471 1220 1539; x_wconf 87' lang='lat' dir='ltr'>etiam</span> <span class='ocrx_word' id='word_1_69' title='bbox 1256 1468 1588 1537; x_wconf 87' lang='lat' dir='ltr'>diruendo</span> <span class='ocrx_word' id='word_1_70' title='bbox 1622 1466 1875 1555; x_wconf 86' lang='lat' dir='ltr'>aliquid</span> <span class='ocrx_word' id='word_1_71' title='bbox 1904 1466 2186 1535; x_wconf 82' lang='lat' dir='ltr'>condas:</span> <span class='ocrx_word' id='word_1_72' title='bbox 2239 1469 2538 1557; x_wconf 85' lang='lat' dir='ltr'>eritque,</span> <span class='ocrx_word' id='word_1_73' title='bbox 2591 1491 2802 1558; x_wconf 90' lang='lat' dir='ltr'>quum</span> <span class='ocrx_word' id='word_1_74' title='bbox 2844 1468 3015 1537; x_wconf 89' lang='lat' dir='ltr'>haec</span> 
     </span>
     <span class='ocr_line' id='line_1_11' title="bbox 776 1570 3015 1666; baseline -0.001 -24"><span class='ocrx_word' id='word_1_75' title='bbox 776 1572 1262 1666; x_wconf 86' lang='lat' dir='ltr'>interpretandi</span> <span class='ocrx_word' id='word_1_76' title='bbox 1288 1573 1496 1657; x_wconf 87' lang='lat' dir='ltr'>ratio,</span> <span class='ocrx_word' id='word_1_77' title='bbox 1548 1571 1739 1639; x_wconf 87' lang='lat' dir='ltr'>cuius</span> <span class='ocrx_word' id='word_1_78' title='bbox 1774 1594 1952 1641; x_wconf 88' lang='lat' dir='ltr'>nunc</span> <span class='ocrx_word' id='word_1_79' title='bbox 1980 1570 2324 1663; x_wconf 82' lang='lat' dir='ltr'>specimen</span> <span class='ocrx_word' id='word_1_80' title='bbox 2351 1571 2546 1656; x_wconf 87' lang='lat' dir='ltr'>dedi,</span> <span class='ocrx_word' id='word_1_81' title='bbox 2599 1594 2873 1640; x_wconf 90' lang='lat' dir='ltr'>omnem</span> <span class='ocrx_word' id='word_1_82' title='bbox 2899 1595 3015 1639; x_wconf 85' lang='lat' dir='ltr'>ve-</span> 
     </span>
     <span class='ocr_line' id='line_1_12' title="bbox 774 1673 3014 1768; baseline -0.002 -23"><span class='ocrx_word' id='word_1_83' title='bbox 774 1686 996 1746; x_wconf 87' lang='lat' dir='ltr'>terum</span> <span class='ocrx_word' id='word_1_84' title='bbox 1040 1676 1459 1768; x_wconf 89' lang='lat' dir='ltr'>populorum</span> <span class='ocrx_word' id='word_1_85' title='bbox 1507 1673 2008 1766; x_wconf 79' lang='lat' dir='ltr'>mythologiam</span> <span class='ocrx_word' id='word_1_86' title='bbox 2047 1675 2442 1761; x_wconf 78' lang='lat' dir='ltr'>illustrabit,</span> <span class='ocrx_word' id='word_1_87' title='bbox 2505 1675 2668 1745; x_wconf 91' lang='lat' dir='ltr'>licet</span> <span class='ocrx_word' id='word_1_88' title='bbox 2715 1696 2845 1744; x_wconf 92' lang='lat' dir='ltr'>nec</span> <span class='ocrx_word' id='word_1_89' title='bbox 2885 1674 3014 1759; x_wconf 89' lang='lat' dir='ltr'>dei,</span> 
     </span>
     <span class='ocr_line' id='line_1_13' title="bbox 776 1777 3017 1871; baseline -0.002 -22"><span class='ocrx_word' id='word_1_90' title='bbox 776 1803 905 1851; x_wconf 84' lang='lat' dir='ltr'>nec</span> <span class='ocrx_word' id='word_1_91' title='bbox 933 1780 1248 1861; x_wconf 77' lang='lat' dir='ltr'>numiniS,</span> <span class='ocrx_word' id='word_1_92' title='bbox 1300 1802 1427 1849; x_wconf 87' lang='lat' dir='ltr'>nec</span> <span class='ocrx_word' id='word_1_93' title='bbox 1457 1777 1804 1869; x_wconf 83' lang='lat' dir='ltr'>religionis</span> <span class='ocrx_word' id='word_1_94' title='bbox 1836 1778 2053 1846; x_wconf 89' lang='lat' dir='ltr'>ullum</span> <span class='ocrx_word' id='word_1_95' title='bbox 2098 1778 2169 1844; x_wconf 91' lang='lat' dir='ltr'>in</span> <span class='ocrx_word' id='word_1_96' title='bbox 2212 1802 2294 1848; x_wconf 88' lang='lat' dir='ltr'>ea</span> <span class='ocrx_word' id='word_1_97' title='bbox 2335 1778 2691 1871; x_wconf 66' lang='lat' dir='ltr'>vestigium</span> <span class='ocrx_word' id='word_1_98' title='bbox 2720 1779 3017 1870; x_wconf 89' lang='lat' dir='ltr'>reperia-</span> 
     </span>
     <span class='ocr_line' id='line_1_14' title="bbox 775 1881 3017 1972; baseline -0.001 -20"><span class='ocrx_word' id='word_1_99' title='bbox 775 1893 904 1952; x_wconf 87' lang='lat' dir='ltr'>tur.</span> <span class='ocrx_word' id='word_1_100' title='bbox 1017 1882 1386 1972; x_wconf 38' lang='lat' dir='ltr'>caeterum,</span> <span class='ocrx_word' id='word_1_101' title='bbox 1436 1904 1642 1972; x_wconf 86' lang='lat' dir='ltr'>quam</span> <span class='ocrx_word' id='word_1_102' title='bbox 1705 1882 1962 1950; x_wconf 86' lang='lat' dir='ltr'>infinita</span> <span class='ocrx_word' id='word_1_103' title='bbox 2019 1881 2138 1951; x_wconf 90' lang='lat' dir='ltr'>hic</span> <span class='ocrx_word' id='word_1_104' title='bbox 2191 1881 2389 1950; x_wconf 90' lang='lat' dir='ltr'>bonis</span> <span class='ocrx_word' id='word_1_105' title='bbox 2450 1883 3017 1952; x_wconf 87' lang='lat' dir='ltr'>observationibus</span> 
     </span>
     <span class='ocr_line' id='line_1_15' title="bbox 772 1985 3018 2079; baseline -0 -26"><span class='ocrx_word' id='word_1_106' title='bbox 772 1985 1056 2054; x_wconf 88' lang='lat' dir='ltr'>materia</span> <span class='ocrx_word' id='word_1_107' title='bbox 1095 1995 1333 2077; x_wconf 85' lang='lat' dir='ltr'>parata</span> <span class='ocrx_word' id='word_1_108' title='bbox 1381 1986 1501 2071; x_wconf 85' lang='lat' dir='ltr'>sit,</span> <span class='ocrx_word' id='word_1_109' title='bbox 1552 2008 1690 2054; x_wconf 91' lang='lat' dir='ltr'>non</span> <span class='ocrx_word' id='word_1_110' title='bbox 1721 1986 1954 2055; x_wconf 88' lang='lat' dir='ltr'>latebit</span> <span class='ocrx_word' id='word_1_111' title='bbox 1978 1986 2091 2054; x_wconf 78' lang='lat' dir='ltr'>vel</span> <span class='ocrx_word' id='word_1_112' title='bbox 2122 2008 2269 2055; x_wconf 90' lang='lat' dir='ltr'>rem</span> <span class='ocrx_word' id='word_1_113' title='bbox 2300 1986 2518 2079; x_wconf 89' lang='lat' dir='ltr'>ipsam</span> <span class='ocrx_word' id='word_1_114' title='bbox 2536 2036 2556 2074; x_wconf 90' lang='lat'>,</span> <span class='ocrx_word' id='word_1_115' title='bbox 2607 1987 2723 2057; x_wconf 79' lang='lat' dir='ltr'>vel</span> <span class='ocrx_word' id='word_1_116' title='bbox 2772 2009 2946 2077; x_wconf 89' lang='lat' dir='ltr'>quae</span> <span class='ocrx_word' id='word_1_117' title='bbox 2977 2008 3018 2051; x_wconf 90' lang='lat' dir='ltr'>a</span> 
     </span>
     <span class='ocr_line' id='line_1_16' title="bbox 774 2089 2058 2177; baseline 0 -19"><span class='ocrx_word' id='word_1_118' title='bbox 774 2090 968 2160; x_wconf 85' lang='lat' dir='ltr'>nobis</span> <span class='ocrx_word' id='word_1_119' title='bbox 1008 2089 1191 2161; x_wconf 90' lang='lat' dir='ltr'>dicta</span> <span class='ocrx_word' id='word_1_120' title='bbox 1232 2098 1411 2177; x_wconf 88' lang='lat' dir='ltr'>sunt,</span> <span class='ocrx_word' id='word_1_121' title='bbox 1466 2090 2058 2162; x_wconf 84' lang='lat' dir='ltr'>considerantibus.</span> 
     </span>
    </p>
   </div>
  </div>
 </body>
</html>
