3325 5317
720 464 865 531 :lvo
962 460 1068 524 DE
1106 459 1630 525 MYTHOLOGIA
1671 460 2152 525 GRAEcoRVM
2192 460 2748 538 ANTIQVISSIMA

571 601 582 608 ’
681 636 1081 729 alienius,
1127 633 1252 703 sed
1291 643 1369 704 ut
1403 656 1545 704 non
1578 642 1897 721 tantum‚·-
1915 642 2240 723 quantum
2282 633 2615 722 debebat,
2663 636 2831 710 huic
2875 639 2984 708 rei

657 741 1062 810 tribuerit.
1163 739 1343 809 Nam
1383 762 1598 828 quum
1640 739 1818 807 bene
1872 737 2336 825 intellexisset,
2398 748 2760 831 utrumque
2796 765 2981 833 poe-

732 855 873 914 tam
912 842 1130 914 multa
1180 863 1266 912 ex
1322 843 1793 913 vetustioribus
1851 843 2253 913 carminibus
2309 842 2647 930 haus‘ssse,
2727 844 2980 914 admo·
3098 838 3110 853 '

732 946 939 1018 nendi
978 953 1167 1015 erant
1181 993 1205 1031 ,
1256 943 1686 1035 docendique
1701 992 1724 1032 ,
1790 947 1909 1034 qui
1947 946 2313 1037 explanare
2358 946 2627 1017 fabulas
2664 949 2981 1019 institue-

730 1060 918 1135 rent,
964 1072 1103 1120 non
1141 1072 1287 1119 esse
1328 1048 1498 1141 qnid
1527 1050 1871 1119 Homerus
1908 1058 2026 1118 aut
2064 1049 2407 1119 Hesiodus
2446 1051 2746 1121 Sfflssisset
2785 1053 2980 1122 inve-

730 1152 1153 1249 stigandum,
1219 1154 1343 1222 sed
1385 1153 1557 1245 quid
1595 1153 1700 1220 illi
1741 1152 1973 1225 dicere
2010 1153 2405 1240 voluissent,
2454 1155 2575 1244 qui
2599 1154 2706 1224 his
2732 1165 2981 1226 aucto-

729 1282 840 1330 res
880 1258 1168 1327 fuerunt.
1271 1257 1391 1329 Sic
1424 1257 1769 1331 redibitur,
1809 1258 2089 1348 quidem
2144 1255 2236 1326 ad
2282 1257 2725 1350 allegoricam
2765 1260 2984 1328 inter-

728 1362 1179 1456 pretationem
1208 1357 1455 1429 harum
1482 1383 1710 1431 rerum
1723 1408 1746 1446 ,
1796 1360 1921 1429 sed
1964 1361 2101 1429 alio
2137 1361 2353 1431 modo
2366 1409 2388 1447 ,
2438 1385 2648 1453 quam
2677 1364 2798 1452 qui
2828 1387 2983 1433 me-

727 1468 861 1539 rito
920 1466 1007 1536 ab
1049 1464 1535 1535 recentioribus
1588 1464 2079 1555 interpretibus·
2113 1465 2427 1556 explosus
2480 1475 2600 1563 est.
2717 1467 2978 1536 Exem-

726 1571 926 1665 plum
993 1567 1279 1637 afferam
1296 1616 1320 1654 ,
1411 1590 1552 1657 quo
1635 1567 1901 1636 nullum
1973 1569 2293 1638 illustrius
2373 1569 2650 1639 inveniri
2727 1579 2980 1660 potest.

726 1677 889 1744 Non
928 1672 1272 1742 inmerito
1319 1672 1466 1741 risit
1514 1671 1857 1742 Lucianus
1912 1672 2291 1742 notissimos
2344 1669 2503 1743 illos
2545 1674 2617 1742 in
2667 1671 2983 1766 Odyssea

728 1799 999 1849 versus.

935 1953 1074 2003 τον
1117 1927 1194 2002 δὲ
1237 1923 1417 2022 μέτ
1466 1925 1830 2050 εἰςενόησα
1860 1926 2042 2049 βίην
2085 1925 2588 2055 Ἡρακληείην,

938 2033 1267 2106 εἴδωλὸν·
1320 2024 1541 2111 αὐτος
1584 2031 1660 2104 δὲ
1706 2027 1879 2124 μετ’
1920 2029 2374 2105 ἀθανάτοισι
2415 2038 2704 2106 θεοῖσιν

931 2136 1282 2233 τέρπεται
1335 2138 1413 2209 ἐν
1472 2132 1769 2232 θαλίης,
1822 2134 1944 2207 καὶ
1995 2134 2139 2227 ἔχει
2179 2133 2665 2234 καλλίσφυρον
2684 2132 2975 2235 Ἠβηικ

725 2288 976 2359 Refert
1013 2289 1357 2361 Homerus
1402 2296 1689 2379 accepta
1705 2337 1727 2374 ‚
1776 2288 2114 2359 mirabilia
2146 2288 2270 2357 illa
2309 2289 2587 2377 quidem
2627 2296 2835 2379 atque
2872 2292 2982 2358 in-

728 2393 1125 2480 credibilia,
1188 2393 1313 2463 sed
1360 2392 1622 2464 credita
1658 2401 1922 2461 tamen:
1989 2392 2175 2461 unde
2211 2415 2343 2482 pro
2389 2392 2821 2483 simplicitate
2859 2416 2982 2467 sua

724 2519 867 2567 11011
900 2507 1001 2566 est
1030 2497 1358 2567 sollicitus
1373 2545 1396 2583 ,
1447 2496 1804 2586 quomodo
1840 2495 2030 2566 idem
2071 2497 2371 2589 simulet
2412 2496 2600 2588 apud
2628 2498 2880 2567 inferos
2912 2506 2983 2565 et

727 2600 921 2694 apud
961 2623 1245 2693 superos
1288 2600 1546 2693 degere
1587 2601 1823 2691 possit.
1927 2602 2024 2670 At
2073 2599 2192 2689 qui
2238 2599 2422 2669 -haec
2460 2602 2710 2669 invenit
2723 2648 2745 2686 ,
2808 2622 2980 2691 per-

726 2703 1058 2777 absurdus
1099 2704 1367 2790 fuisset,
1419 2704 1475 2771 si
1514 2712 1935 2777 commentus
1985 2712 2158 2775 esset
2173 2750 2195 2788 ,
2244 2703 2438 2793 quod
2468 2704 2619 2772 fieri
2649 2703 2981 2798 nequiret,

726 2808 932 2891 Absit
968 2827 1132 2876 vero
1179 2807 1331 2883 talis
1359 2806 1675 2897 suspicio.
1780 2807 1960 2875 Nam
1984 2807 2106 2875 ille
2148 2829 2355 2896 quem
2394 2831 2440 2874 a
2471 2808 2696 2899 gloria
2719 2804 2977 2904 Ἠρα-

729 2911 903 2984 κλέα
964 2910 1336 3003 appellavit
1353 2957 1375 2994 ,
1464 2911 1782 2978 virtutem
1827 2911 2043 2979 voluit
2103 2909 2396 3002 intelligi
2452 2911 2578 2981 viri
2642 2910 2838 2979 fortis
2895 2931 2978 2981 ac

721 3014 1019 3085 strenui:
1096 3014 1215 3104 qui
1265 3013 1384 3081 ubi
1445 3022 1822 3100 moreretur
1840 3061 1862 3098 ,
1945 3014 2168 3105 ipsum
2182 3062 2204 3099 ,
2283 3023 2361 3083 ut
2412 3014 2807 3099 mortalem,
2885 3013 2978 3082 ad

730 3115 996 3187 Orcum
1033 3117 1208 3186 dixit
1247 3115 1700 3199 descendere3
1759 3116 2072 3187 virtutem
2120 3126 2346 3186 autem
2362 3165 2384 3202 ‚
2433 3128 2511 3185 ut
2557 3140 2709 3186 eam
2752 3124 2981 3187 aeter-

730 3244 891 3289 nam
933 3244 1077 3289 esse
1092 3270 1114 3308 ,
1163 3220 1462 3308 seniique
1493 3229 1845 3312 expertem
1874 3221 2291 3307 ostenderet,
2344 3221 2532 3314 apud
2557 3221 2979 3290 immortales

729 3324 1053 3393 Iuventae
1113 3325 1542 3394 consociavit.
1658 3324 1818 3409 Qua
1867 3324 2104 3395 fabula
2154 3325 2329 3393 nihil
2382 3326 2701 3417 profecto
2752 3347 2980 3414 neque

730 3428 950 3520 aptius
975 3428 1221 3520 potuit,
1267 3449 1491 3517 neque
1520 3427 1940 3518 splendidius
1974 3428 2270 3496 inveniri.
2371 3428 2783 3499 Huiusmodi
2810 3449 2981 3496 vero

726 3532 1050 3623 plurima.
1080 3541 1232 3601 sunt
1266 3530 1458 3623 apud
1498 3525 1880 3611 Homerum
1896 3581 1918 3619 ,
1954 3554 2260 3622 ‚quoi-mn
2298 3533 2623 3601 nonnulla
2655 3555 2797 3601 11011
2826 3540 2981 3601 sunt

728 3636 800 3704 111
839 3640 1142 3706 omnium
1181 3644 1553 3728 conspectu
1593 3636 1847 3728 posita:
1911 3646 1987 3709 ut
2032 3623 2209 3725 quae
2258 3636 2330 3703 111
2374 3635 2602 3704 Iliadis
2640 3637 2820 3704 libro
2866 3658 2982 3703 se·-

731 3739 959 3810 cundo
1004 3740 1095 3811 de
1140 3750 1411 3832 sceptro
1456 3741 1989 3833 Agamemnonis
2018 3748 2416 3808 narrantur:
2481 3763 2657 3828 quae
2691 3741 2788 3808 ita
2824 3748 2981 3808 sunt

731 3854 1129 3934 comparata
1142 3893 1164 3929 ,
1211 3854 1290 3914 111
1330 3845 1673 3914 Homerus
1711 3845 1925 3935 longe
1967 3844 2163 3913 aliter
2204 3845 2430 3915 omnia
2457 3843 2661 3911 fuerit
2701 3866 2980 3912 enarra-

731 3953 915 4013 turus
932 3994 954 4031 ,
1028 3948 1086 4015 si
1128 3947 1536 4017 intellectam
1582 3947 1929 4017 habuisset
1969 3956 2265 4017 mentem
2310 3947 2486 4014 illius
2505 3995 2526 4031 ,
2579 3970 2621 4012 a
2666 3948 2806 4035 q'uo
2850 3947 2978 4015 ista

734 4057 1116 4138 acceperat.
1238 4050 1465 4145 Quem
1546 4051 1628 4119 si'
1670 4060 2057 4140 reputamus
2121 4051 2372 4141 Pelopi
2439 4049 2715 4138 eiusque
2786 4050 2981 4143 genti

730 4173 1021 4243 regnum
1105 4153 1563 4247 Peloponnesi
1641 4154 1891 4223 datum·
1948 4154 2208 4238 dicere,
2290 4176 2420 4222 nec
2496 4153 2775 4221 Ta'nt'ali
2843 4153 2979 4220 mi-

731 4255 1038 4325 rabimur
1087 4277 1240 4324 -non
1309 4280 1454 4325 esse
1529 4256 1946 4351 mentionem
2019 4259 2273 4327 factam
2291 4305 2313 4342 ,
2404 4279 2627 4344 neque
2701 4258 2774 4325 in
2843 4255 2976 4340 his,

732 4381 911 4451 quae
966 4380 1108 4430 11011
1160 4368 1314 4429 sunt
1361 4381 1445 4428 ex
1493 4383 1688 4433 more
1735 4360 2026 4431 Homeri
2088 4382 2176 4431 eo
2238 4360 2399 4431 loco
2463 4359 2680 4448 dicta,
2745 4359 2978 4429 offen-

736 4463 996 4533 demus.
