3325 5317
1409 181 1432 228 δ
1555 223 1560 227 ,

978 459 1349 524 ΕΣΜΟΣ
1400 459 1986 524 ΜΕΛΙΣΣΗΣ.
2484 462 2616 528 255

363 633 439 700 ut
480 650 618 700 non
658 628 859 699 etiam
906 628 1165 707 discedi
1208 629 1579 721 aliquando
1631 632 1719 699 ab
1763 652 1858 698 eo
1891 628 2121 722 possit.
2221 628 2350 700 Est
2388 640 2614 703 autem

359 735 566 819 ratio,
615 756 822 823 quam
853 732 1011 804 dico
1030 782 1052 820 ,
1102 733 1299 805 11666.
1406 734 1675 821 Verba,
1727 756 1903 823 quae
1937 733 2027 802 ad
2065 733 2228 802 alias
2258 757 2364 803 res
2396 746 2613 805 trans-

358 839 662 906 feruntur
676 885 697 921 ,
748 861 955 927 quam
993 840 1066 905 in
1091 838 1332 927 quibus
1371 838 1656 931 propria
1686 848 1840 906 suut
1854 891 1875 926 ,
1926 857 2062 905 non
2093 838 2373 930 proprie
2410 840 2612 909 intel-—

360 941 643 1032 ligenda
676 964 819 1010 esse
836 992 856 1029 ,
921 964 1004 1010 ex
1041 964 1126 1010 eo
1172 951 1483 1034 apertum
1527 950 1653 1029 est,
1707 940 1898 1031 quod
1943 941 2224 1033 proprie
2268 942 2613 1013 intellecta
2697 987 2702 992 ·

359 1045 593 1136 inepta
636 1045 906 1118 forent.¹
981 1045 1254 1114 Eodem
1301 1044 1550 1133 modo,
1602 1044 1725 1113 ubi
1774 1044 2057 1137 propria
2099 1052 2280 1133 sunt,
2331 1046 2615 1137 proprie

359 1147 648 1241 intelligi
695 1148 949 1217 debere
995 1158 1321 1240 apparet:
1381 1157 1799 1240 repugnaret
1844 1148 2020 1226 enim
2037 1200 2058 1235 ‚
2125 1151 2411 1240 propria
2448 1173 2613 1238 esse,

363 1263 431 1320 et
470 1261 698 1338 tamen
739 1274 877 1319 non
933 1252 1249 1343 propria3
1326 1252 1642 1319 translata
1691 1274 1870 1339 esse,
1954 1261 2022 1320 et
2068 1259 2298 1319 tamen
2341 1275 2478 1321 non
2520 1253 2615 1324 ad

362 1354 581 1442 aliud,
633 1354 758 1422 sed
804 1354 893 1428 ad
933 1354 1006 1421 id
1030 1356 1293 1446 ipsum,
1343 1355 1525 1423 unde
1551 1354 1868 1424 translata
1892 1363 2124 1432 essent.
2229 1355 2457 1424 Veluti
2495 1356 2614 1446 qui

363 1457 698 1528 civitatem
738 1467 1018 1549 regunt,
1068 1469 1253 1527 recte
1296 1459 1443 1547 quis
1474 1456 1757 1527 civitatis
1791 1458 2326 1549 gubernaculum
2362 1460 2612 1551 appel-
2728 1521 2739 1538 χ

363 1561 632 1629 laverit:
694 1561 815 1629 sed
862 1561 1046 1629 navis
1092 1562 1617 1654 gubernatorem
1662 1560 1781 1651 qui
1831 1562 2370 1653 gubernaculum
2426 1563 2609 1633 navis

348 1659 621 1735 'diceret
637 1717 656 1752 ,
706 1665 1112 1757 ineptissime
1150 1665 1575 1755 loqueretur,
1627 1673 1698 1732 et
1737 1673 1814 1732 ut
1854 1664 2147 1758 intelligi
2179 1687 2318 1734 non
2360 1674 2606 1759 posset.

362 1769 460 1838 Vt
494 1770 628 1836 alio
665 1777 733 1836 et
778 1768 997 1860 magis
1046 1770 1251 1840 etiam
1288 1778 1525 1861 aperto
1570 1767 1888 1859 exemplo
1935 1777 2118 1857 utar,
2195 1778 2402 1861 caput
2444 1792 2611 1861 par-

363 1880 503 1940 tem
529 1871 919 1963 primariam
959 1872 1099 1941 dici
1135 1874 1205 1940 in
1259 1895 1337 1940 re
1353 1920 1374 1958 ,
1426 1895 1624 1962 quae-
1648 1870 1931 1962 proprie
1971 1895 2110 1940 non
2141 1870 2356 1942 habet
2383 1880 2609 1965 caput,

362 1977 534 2044 inter
575 1997 810 2044 omnes
853 1985 1130 2043 constat.
1231 1976 1329 2043 At
1371 1977 1519 2065 quis
1551 1996 1780 2059 sanuS,
1833 1974 1905 2041 111
1944 1973 2226 2045 homine
2255 1975 2423 2065 quid
2465 1978 2614 2069 pri-

363 2081 654 2148 marium
696 2078 780 2145 sit
836 2079 894 2145 si
935 2077 1232 2149 indicare
1275 2077 1586 2165 voluerit,
1637 2086 1715 2144 ut
1766 2098 1908 2161 cor,
1960 2087 2076 2146 aut
2115 2079 2340 2170 ipsum
2376 2089 2608 2172 caput,

361 2182 438 2250 id
470 2190 680 2273 caput
719 2180 1012 2249 hominis
1040 2203 1181 2250 esse
1211 2179 1395 2249 dicet
1410 2180 1445 2248 Ρ
1493 2183 1601 2249 Ex
1639 2179 1748 2247 his
1788 2178 2271 2251 evidentissime
2296 2183 2611 2270 efficitur,

365 2279 594 2377 ἑσμόν
624 2283 1000 2381 μελίσσης,
1052 2284 1107 2352 si
1143 2282 1323 2353 haec
1367 2285 1579 2353 verba
1617 2305 1746 2375 per
1793 2307 1865 2352 se
1905 2293 2323 2376 spectantur,
2375 2308 2613 2357 neces-

364 2389 540 2457 sario
576 2410 857 2456 examen
900 2409 1108 2479 apum
1153 2387 1534 2479 significare
1549 2435 1570 2472 ,
1639 2388 1915 2478 copiam
1954 2399 2182 2458 antem
2224 2389 2363 2458 sive
2400 2413 2613 2481 apum

364 2492 504 2559 sive
535 2490 753 2558 mellis
779 2491 1160 2581 significare
1178 2491 1377 2570 ‚nullo
1419 2488 1632 2559 modo
1670 2513 1892 2582 posse.
1995 2491 2216 2583 quue
2241 2493 2312 2560 in
2338 2494 2613 2584 Epinici

364 2617 562 2663 versu
593 2602 778 2661 tanto
823 2595 1036 2662 minus
1068 2594 1215 2663 fieri
1259 2604 1519 2686 potest,
1579 2593 1769 2683 quod
1812 2617 2016 2684 apem
2038 2597 2322 2691 proprie
2354 2598 2709 2669 dictam72

367 2719 511 2768 esse
547 2696 897 2790 epitheton
943 2698 1007 2767 61
1051 2697 1306 2767 1161111111
1344 2689 1654 2767 additum
1694 2698 1940 2791 arguit.

571 2901 718 2972 Sed
780 2903 1045 2973 dicatur
1106 2924 1285 2975 nunc
1350 2904 1442 2974 de
1475 2894 1479 2898 ’
1516 2905 1732 2974 altera
1792 2903 2342 2997 interpretatione
2359 2954 2380 2993 ,
2474 2929 2611 2996 qua

370 2998 585 3098 ἑσμός
627 3004 957 3102 μελίσσης
986 3006 1382 3099 simpliciter
1410 3011 1547 3077 mel
1576 3008 1956 3102 significare
1993 3007 2260 3084 dicitur.
2362 3010 2443 3079 ln
2470 3011 2614 3083 hoc

366 3109 541 3176 nihil
572 3133 711 3178 esse
742 3109 932 3199 quod
976 3111 1390 3203 reprehendi
1431 3113 1680 3205 possit,
1733 3114 1952 3181 statim
1994 3113 2363 3182 ostendam.
2467 3114 2611 3184 Sed

368 3215 486 3303 qui
528 3236 679 3281 eam
711 3213 1027 3305 protulit,
1077 3216 1418 3285 Porsonns
1435 3265 1456 3303 ,
1506 3216 1665 3286 licet
1696 3216 1833 3286 hac
1868 3217 1937 3285 in
1970 3240 2046 3285 re
2087 3240 2226 3286 non
2269 3217 2611 3307 erraverit,

370 3326 440 3384 at
479 3316 791 3407 peccavit
828 3326 1054 3387 tamen
1084 3318 1154 3387 in
1196 3342 1311 3410 eo,
1365 3319 1555 3409 quod
1594 3322 1986 3412 permiscuit
2021 3344 2199 3411 quae
2229 3322 2610 3393 discernere
2690 3332 2696 3356 ἱ

369 3419 685 3488 debebat.
786 3421 982 3490 Nam.
1010 3423 1223 3515 ἑσμοὶ
1269 3419 1622 3516 γάλακτος
1668 3433 1736 3493 et
1775 3423 1985 3517 ἑσμοὶ
2027 3423 2285 3519 σοφίας
2324 3446 2612 3517 compa-

367 3521 502 3589 rari
541 3520 713 3590 inter
740 3546 813 3591 se
854 3533 1202 3616 poterant,
1256 3527 1415 3617 quia
1455 3537 1814 3618 utrumque
1843 3529 1935 3596 de
1970 3528 2173 3618 copia
2198 3527 2455 3598 dictum
2487 3535 2609 3611 est,

367 3626 684 3707 translata
742 3625 835 3695 ad
887 3628 1089 3696 aliam
1146 3653 1291 3699 rem
1339 3630 1829 3722 significatione
1876 3630 2211 3701 vocabuli.
2337 3623 2613 3721 Ἑσμός

368 3728 699 3825 μελίσσης
759 3753 923 3799 vero
976 3735 1358 3825 comparari
1408 3757 1566 3806 cum
1613 3734 1721 3803 his
1771 3756 1910 3802 non
1953 3743 2213 3825 potest,
2277 3733 2436 3822 quia
2473 3755 2612 3802 non

368 3834 681 3902 translate
726 3834 816 3903 de
876 3835 1079 3925 copia
1095 3887 1116 3924 ,
1203 3836 1324 3905 sed
1367 3838 1650 3930 proprie
1706 3837 1798 3905 de
1850 3836 2154 3908 examine
2209 3837 2613 3929 accipienda

370 3945 522 4004 sunt
567 3936 745 4008 11666
783 3939 1013 4010 verba.
1116 3940 1494 4009 Potuissent
1538 3941 1958 4033 comparari,
2024 3941 2080 4008 si
2121 3934 2348 4033 ἑσμόν
2391 3942 2612 4034 με”λι-
2660 4019 2665 4023 ,

370 4065 498 4118 τος
531 4039 894 4131 scripsisset
917 4042 1262 4133 Epinicus.
1366 4040 1511 4113 Sed
1549 4047 1672 4114 etsi
1721 4067 1858 4114 non
1893 4043 2184 4113 distinxit
2213 4042 2393 4116 11666
2432 4045 2612 4113 Por-

370 4163 571 4210 sonus
589 4190 610 4227 ,
661 4151 887 4213 tamen
929 4153 1115 4215 recte
1157 4141 1387 4239 ἑσμόν
1435 4147 1771 4245 μελίσσης
1811 4149 1954 4217 11161
1993 4148 2460 4241 interpretatus
2490 4157 2609 4218 est.

313 4255 322 4262 “
368 4246 550 4315 Nam
587 4245 662 4315 ut
701 4248 942 4338 paullo
992 4248 1318 4319 audacior
1363 4251 1541 4324 haec
1576 4252 1920 4321 translatio
1959 4254 2043 4321 sit
2057 4302 2080 4341 ,
2133 4261 2204 4322 at
2231 4253 2400 4321 nihil
2439 4274 2611 4321 con-

369 4349 534 4419 tinet
599 4350 791 4441 quod
843 4374 1081 4424 secum
1142 4363 1439 4447 pugnet,
1519 4365 1597 4424 ut
1652 4356 1866 4425 altera
1905 4357 2046 4425 illa.
2162 4358 2380 4428 Facta
2429 4355 2608 4423 enim

369 4455 709 4525 translatio
753 4465 886 4545 est,
939 4466 1018 4528 ut
1068 4480 1275 4550 saepe
1316 4459 1464 4530 aliis
1507 4459 1577 4530 in
1610 4453 1852 4552 rebm,
1922 4463 2010 4532 ab
2056 4483 2178 4550 eo,
2228 4460 2410 4530 unde
2440 4457 2608 4548 quid
