3325 5317
575 548 582 555 ι
698 457 830 530 ⁸12
1362 453 1483 517 ns
1544 450 2270 535 comesurum:

700 648 937 720 quens.
1032 625 1129 697 Et
1162 624 1365 696 huius
1402 626 1842 727 ιιιιιιοξιιιοι·
1880 623 2010 695 has
2068 624 2339 695 fabulas
2383 623 2776 694 diversitatis
2816 647 2951 693 nos

590 744 597 751 ’
664 733 1022 825 *exiguam
1044 739 1306 800 tantum
1330 740 1599 821 partem
1621 730 1851 799 animo
1880 729 2334 821 concipimusz
2380 727 2549 819 quid
2584 727 2743 795 illos
2775 750 2948 799 cen-

700 856 962 905 seamus
976 884 999 922 ,
1060 833 1180 923 qui
1204 852 1209 859 ·
1229 833 1598 903 audiebant
1644 833 1775 926 ipsi
1821 854 2025 904 voces
2090 840 2160 902 et
2220 841 2581 903 concentus
2632 831 2945 919 musicos,

704 958 1113 1028 omnemque
1150 936 1347 1007 illum
1376 959 1619 1032 scenae
1651 935 2072 1029 apparatum
2102 936 2318 1008 oculis
2353 935 2485 1005 suis
2509 929 2887 1005 videbant?

907 1143 1067 1213 Non
1108 1166 1260 1213 sum
1297 1142 1592 1229 nescius,
1642 1163 1853 1212 unum
1906 1140 2050 1211 hoc
2095 1141 2485 1237 exemplum
2531 1163 2691 1210 me.
2792 1139 2947 1210 Te—

704 1247 1196 1336 merariumque
1223 1270 1381 1316 sane
1413 1247 1626 1331 foret,
1676 1245 1867 1336 quod
1909 1246 1980 1314 in
2016 1245 2153 1316 hac
2194 1245 2472 1337 trilogia
2517 1244 2777 1314 factum
2819 1253 2945 1329 est,

703 1350 775 1419 in
825 1350 1135 1420 omnibus
1179 1350 1435 1421 factum
1462 1349 1873 1421 contendere
1888 1396 1911 1434 ,
1959 1348 2352 1440 praesertim
2386 1370 2599 1438 quum
2646 1348 2718 1415 in
2757 1354 2945 1416 tanta

702 1453 1212 1546 tragoediarum
1245 1452 1753 1525 scribendarum
1784 1452 2281 1524 concertatione
2321 1452 2438 1520 alii
2468 1473 2740 1542 semper
2772 1450 2943 1518 alios

702 1558 999 1627 novitate
1030 1558 1454 1627 inventorum
1477 1579 1798 1648 superare
1823 1555 2227 1624 studuerint:
2279 1555 2403 1625 sed
2435 1563 2663 1623 tamen
2685 1562 2945 1622 tantam

703 1658 883 1731 haec
915 1662 1092 1729 ratio
1134 1659 1631 1752 probabilitatis
1677 1659 1977 1750 speciem
2019 1657 2272 1743 habet,
2348 1666 2425 1728 ut
2480 1656 2947 1747 quaerendum

704 1763 947 1835 saltem
990 1785 1139 1832 esse
1182 1762 1488 1832 videatur
1501 1810 1524 1848 ,
1594 1761 2116 1832 anconfirmari
2158 1763 2359 1830 etiam
2414 1761 2562 1829 aliis
2616 1760 2944 1851 exemplis
3031 1814 3035 1818 -

704 1876 928 1955 queat.
1032 1866 1099 1933 N
1101 1887 1183 1934 ec
1255 1866 1569 1941 fortasse·
1583 1865 1871 1934 ιιιιιΙιιιιιι
1943 1888 1986 1933 a
2043 1887 2210 1933 vero
2262 1864 2672 1935 aberraverit
2686 1912 2708 1951 ,
2803 1863 2944 1953 qui,

702 1968 848 2038 hoc
876 1977 1015 2037 tam
1040 1967 1281 2036 illustri
1310 1968 1628 2059 exemplo
1662 1946 1986 2051 indicium
2012 1969 2403 2060 praebente,
2455 1976 2640 2037 certe
2674 1967 2745 2035 in
2769 1967 2944 2034 anti·
3043 1994 3048 1997 ·

702 2072 946 2163 quiore
996 2070 1356 2164 tragoedia
1417 2072 1606 2161 quasi
1656 2071 2035 2164 legitimam
2096 2071 2299 2140 fuisse
2370 2072 2699 2139 rationem
2731 2070 2942 2139 illam

704 2175 1159 2249 coniecerit.
1190 2174 1514 2246 Similiter
1550 2176 1783 2267 legem
1831 2174 2200 2264 quamdam
2236 2173 2564 2264 Aeschyli
2598 2172 2754 2241 artis
2802 2183 2945 2242 tra-

701 2279 905 2375 gicae
942 2277 1278 2370 sagaciter
1332 2278 1586 2371 reperit
1648 2278 2021 2369 Heerenius
2077 2278 2149 2346 in
2191 2277 2625 2348 Bibliotheca
2666 2272 2946 2346 Gottin-

703 2382 897 2477 gensi
940 2382 1183 2453 veteris
1227 2382 1638 2453 litteraturae
1670 2390 1739 2450 et
1777 2381 1934 2449 artis
1984 2381 2067 2450 P.
2097 2380 2288 2455 vlu.
2394 2380 2778 2450 Videamus·
2804 2380 2943 2473 igi-

701 2496 812 2557 tur
827 2533 850 2573 ,
902 2485 959 2556 si
1006 2484 1175 2577 quid
1223 2486 1344 2573 sit,
1391 2484 1583 2577 quod
1627 2484 1985 2558 confirmet
2027 2483 2478 2579 suspicionem
2526 2491 2841 2555 nostram.

907 2690 1005 2762 Vt
1042 2690 1368 2784 Aeschyli
1383 2741 1406 2779 ,
1455 2691 1550 2761 ita
1588 2691 1935 2786 Euripidis
1973 2692 2356 2762 fabularum
2381 2714 2634 2784 magna
2664 2687 2944 2759 diversi-

701 2803 804 2864 tas
845 2804 978 2864 est:
1046 2796 1269 2866 minor
1323 2798 1395 2865 in
1448 2795 1864 2888 Sophocleis
1906 2797 2240 2865 invenitur
2255 2843 2277 2880 ,
2363 2816 2523 2865 casu
2568 2804 2644 2863 ut
2700 2794 2943 2887 opinor

703 2897 1007 2984 servatis,
1058 2921 1235 2988 quae
1274 2899 1631 2969 similiores
1678 2898 1851 2969 inter
1881 2923 1953 2968 se
1985 2909 2155 2968 sunt.
2255 2897 2400 2967 Sed
2426 2897 2773 2989 Euripidis
2803 2907 2943 2965 tra-

700 3000 1104 3094 goediarum
1147 3002 1404 3094 duplex
1442 3002 1910 3073 dissimilitudo
1941 3011 2088 3093 est,
2141 3025 2273 3070 una
2327 3024 2368 3079 a
2409 3010 2751 3093 tempore,
2804 3022 2940 3089 quo

702 3103 928 3172 factae
966 3113 1140 3188 sunt,
1191 3105 1585 3197 repetenda,
1639 3130 1873 3197 quum,
1924 3129 2101 3196 quae
2133 3105 2222 3173 ab
2256 3101 2535 3197 Olymp.
2566 3102 2939 3173 LXXXIX.

587 3222 599 3245 ‘
704 3205 997 3324 scriptae
1030 3215 1219 3291 sunt,
1263 3217 1331 3277 et
1367 3231 1683 3278 numeros
1730 3213 1948 3279 minus
1973 3210 2355 3278 elaboratos
2371 3255 2393 3293 ,
2445 3218 2512 3277 et
2540 3217 2757 3276 metra
2784 3216 2941 3275 tunc

702 3307 994 3378 maxime
1051 3310 1326 3395 usitata,
1394 3311 1466 3378 in
1505 3312 1747 3399 quibus
1790 3313 2225 3402 Glyconeum
2266 3311 2550 3396 eminet,
2610 3310 2940 3380 habeant·

705 3411 1084 3484 cuiusmodi
1126 3413 1326 3482 etiam
1365 3413 1737 3521 Sophoclis
1793 3415 2207 3488 Philoctetes
2256 3424 2388 3495 est;
2455 3415 2738 3499 altera,
2732 3435 2940 3509 quae

705 3524 802 3585 est
870 3516 1300 3601 inventionis,
1365 3502 1910 3609 compositionis,
1977 3518 2402 3589 tractationis.
2515 3518 2719 3588 Hanc
2764 3538 2941 3586 nunc

704 3618 926 3690 solam
978 3619 1371 3713 respieimus
1409 3629 1482 3691 et
1516 3623 1585 3689 in
1624 3622 1997 3713 Euripide,
2048 3630 2151 3705 et,
2201 3623 2272 3688 in
2315 3642 2455 3710 quo
2499 3621 2713 3695 altera
2757 3620 2943 3690 nulla

712 3730 848 3806 est,
895 3722 967 3792 in
1003 3723 1376 3815 Aeschylo.
1475 3725 1707 3815 Atque
1736 3748 1821 3795 ex
1850 3724 2176 3813 Aeschyli
2215 3723 2583 3816 tragoediis
2628 3733 2942 3813 quattuor

530 3840 533 3845 ·
602 3821 1078 3909 ohabemus,
1139 3850 1426 3917 quarum
1473 3850 1854 3920 permagna
1894 3826 2257 3898 similitudo
2311 3837 2453 3912 est,
2522 3826 2803 3923 Septem
2855 3825 2942 3895 ad

707 3924 991 3999 Thebas
1025 3928 1222 4015 dico,
1273 3932 1548 4017 Persas,
1590 3930 2095 4022 Choephoros,
2147 3922 2536 4023 Supplices,
2638 3930 2943 4015 Quarum

706 4027 826 4116 qui
875 4033 1452 4120 comparationem
1494 4036 1819 4120 instituet,
1877 4034 2082 4104 facile
2124 4043 2293 4124 puto
2345 4033 2758 4119 adducetur,
2808 4055 2943 4102 non

706 4140 847 4199 tam
888 4131 964 4200 id
1005 4135 1223 4224 egisse
1264 4147 1544 4228 poetam
1560 4186 1583 4224 ,
1632 4148 1712 4206 ut
1741 4140 2078 4209 actionem
2110 4137 2406 4228 aliquam
2431 4147 2697 4206 strenue
2726 4137 2943 4228 expli-

707 4244 892 4311 caret
905 4282 927 4320 ,
976 4257 1185 4326 quam
1237 4248 1349 4325 ut,
1402 4263 1756 4332 quaequae
1807 4243 1986 4312 actio
2019 4250 2231 4326 esset,
2284 4264 2366 4310 ea
2398 4241 2656 4335 melicis
2695 4240 2942 4341 carmi-

705 4338 899 4407 nibus
944 4346 1175 4430 aptam
1212 4346 1573 4431 praeberet
1607 4345 2005 4431 materiam,
2053 4345 2123 4414 in
2147 4345 2359 4434 iisque
2394 4330 2767 4443 praecipue
2813 4343 2937 4412 fie-

707 4450 814 4510 ret
860 4442 1246 4537 couspicua.
1284 4446 1412 4525 Ab
1442 4446 1584 4518 hoc
1617 4450 1812 4539 quasi
1828 4449 2046 4542 lyrico
2079 4448 2183 4535 et,
2232 4456 2308 4520 ut
2343 4448 2441 4518 ita
2466 4438 2731 4570 dicam,
2784 4468 2947 4521 cau«
