3325 5317
728 425 860 490 842
1081 421 1437 484 ORATIO
1493 421 1590 485 m
1646 420 2158 483 rnlnnnlcl
2205 418 2632 511 Avovsn

734 594 1146 681 ominamur,
1194 595 1438 687 quibus
1468 596 1694 689 gloria
1731 619 1922 665 serva
1963 604 2066 665 est
2103 594 2554 686 turpitudinis.
2681 595 2963 680 Quanto

732 719 902 767 vero
929 697 1183 785 maior,
1230 709 1485 790 quanto
1514 699 1862 785 excelsior,
1913 702 2322 788 omninoque
2351 721 2559 788 quam
2587 697 2724 768 deo
2749 698 2966 790 digna

730 801 855 870 illa
878 800 1080 871 virtus
1107 811 1228 887 est,
1257 826 1432 892 quae
1461 804 1912 896 prosperitate
1931 802 2204 894 populis
2225 811 2295 870 et
2315 802 2641 871 felicitate
2655 803 2966 894 paranda

732 903 1181 996 augendaque
1207 916 1531 977 censetur.
1630 910 1728 977 At
1749 907 1926 976 enim
1945 908 2064 974 illa
2089 904 2469 998 splendoris
2495 928 2755 996 expers,
2803 928 2966 973 mo·—

730 1006 926 1076 desta
951 1009 1126 1077 solet
1146 1032 1230 1080 ac
1253 1033 1435 1102 pene
1470 1009 1748 1082 humilis
1785 1009 2119 1080 incedere.
2235 1009 2394 1076 Non
2435 1010 2617 1076 enim
2654 1008 2850 1078 factis
2891 1017 2961 1076 et

728 1110 931 1179 rebus
955 1111 1161 1205 gestis
1188 1114 1552 1205 conspicua
1580 1137 1721 1185 esse
1747 1123 1962 1199 amat,
2013 1111 2136 1181 sed
2171 1110 2543 1180 omittendo
2576 1120 2644 1180 et
2673 1132 2812 1179 non
2848 1110 2970 1179 fa-

730 1212 977 1285 ciendo
991 1262 1013 1299 ,
1063 1217 1252 1304 quod
1279 1227 1508 1309 posset
1534 1219 1683 1308 quis
1713 1216 1941 1286 facere
1954 1265 1976 1302 ,
2027 1206 2340 1286 contenta
2379 1223 2512 1295 est3
2560 1237 2698 1282 non
2719 1214 2960 1282 fulmi-

727 1315 830 1386 nis
855 1317 1059 1386 instar
1086 1318 1224 1388 alte
1263 1321 1542 1411 emicat,
1592 1330 1982 1410 mentesque
2023 1319 2298 1412 fulgore
2342 1338 2463 1385 suo
2502 1317 2956 1409 praestringit,

734 1417 858 1489 sed
885 1420 956 1488 in
981 1423 1255 1492 occulto
1282 1447 1555 1494 manens
1587 1425 1792 1492 etiam
1836 1423 2139 1516 ignorari
2173 1445 2247 1490 se
2286 1421 2575 1511 patitur3
2630 1442 2768 1488 non
2807 1443 2957 1487 ma-

724 1522 882 1615 gnis
908 1526 1257 1616 repentino
1289 1527 1548 1618 impetu
1574 1527 1948 1597 evertendis
1973 1526 2269 1595 celerem
2304 1523 2560 1595 famam
2599 1524 2956 1613 consequi-

723 1636 871 1714 tur,
922 1627 1046 1696 sed
1071 1628 1254 1697 lente
1276 1629 1767 1719 paullatimque
1794 1628 2165 1698 condendis
2178 1676 2200 1713 ,
2251 1650 2427 1717 quae
2453 1649 2762 1695 mansura
2806 1627 2955 1716 sint,

721 1727 918 1797 tarde
944 1752 1229 1819 seroque
1266 1733 1727 1823 cognoscitnr3
1773 1740 2118 1824 postremo
2158 1751 2298 1798 non
2339 1730 2663 1822 ancipitia
2702 1751 2957 1819 aequa-

720 1829 891 1898 lium
918 1831 1373 1902 admirationis
1398 1843 1663 1926 captat,
1717 1835 1840 1904 sed
1879 1835 1993 1903 vel
2038 1832 2453 1927 reprehendi
2493 1856 2567 1901 se
2605 1834 2696 1900 ab
2740 1832 2848 1899 his
2889 1842 2957 1900 et

726 1936 1065 2003 contemni
1091 1959 1309 2025 aequo
1349 1939 1574 2007 animo
1615 1938 1838 2007 ferens
1855 1987 1878 2023 ,
1927 1939 2390 2030 incorruptum
2433 1944 2776 2027 exspectat
2816 1957 2952 2027 po-

629 2040 711 2105 11
727 2035 1034 2106 steritatis
1061 2037 1402 2111 iudicium.
1502 2043 1732 2131 Atque
1757 2041 1895 2111 hac
1906 2041 2146 2127 laude,
2198 2039 2559 2124 auditores,
2602 2061 2778 2128 quae
2807 2039 2953 2108 sola

719 2162 885 2209 vera
939 2149 1041 2209 est
1080 2151 1148 2210 et
1188 2144 1581 2213 immortalis
1620 2146 1801 2231 laus,
1866 2146 2015 2233 quis
2057 2153 2156 2214 est
2194 2166 2333 2211 non
2373 2142 2588 2212 modo
2628 2151 2952 2227 nostrum,

719 2241 843 2313 sed
873 2243 1166 2334 quisquis
1212 2247 1414 2315 etiam
1448 2257 1829 2343 exterorum
1869 2256 2054 2317 recta
2090 2256 2316 2315 mente
2351 2246 2592 2330 utitur,
2642 2246 2760 2334 qui
2796 2246 2952 2313 RE·

720 2366 885 2415 omr
911 2357 1209 2416 nostrum
1223 2398 1248 2437 ,
1297 2350 1763 2420 Furnmucvm
1791 2352 2174 2420 Aversa-vm
2188 2398 2209 2434 ,
2261 2350 2316 2415 si
2343 2371 2755 2438 quemquam
2795 2372 2951 2416 nm·—

722 2471 931 2539 quam
956 2473 1231 2544 regem,
1294 2475 1434 2529 non
1469 2456 1760 2523 maxime
1802 2478 1944 2523 esse
1988 2453 2322 2546 insignem
2358 2453 2651 2520 fateatur
2667 2452 2704 2519 ?
2780 2452 2953 2536 Quis

720 2560 825 2621 est
838 2600 861 2636 ,
911 2554 1028 2642 qui
1065 2555 1361 2625 animum
1406 2559 1549 2626 eius
1590 2560 1681 2626 ab
1724 2559 1908 2625 omni
1943 2557 2181 2628 iniusta
2224 2546 2595 2648 cupiditate
2634 2555 2949 2643 alienum,

716 2655 914 2724 nullis
941 2679 1163 2748 neque
1188 2661 1385 2753 regni
1412 2661 2011 2746 incrementorum,
2061 2682 2281 2750 neque
2311 2660 2574 2753 gloriae
2611 2659 2823 2727 inanis
2859 2659 2948 2725 il·-

713 2757 1000 2827 lecebris
1029 2771 1301 2853 captum
1316 2811 1337 2848 ‚
1389 2766 1461 2832 in
1490 2765 1797 2834 secundis
1822 2765 2077 2854 pariter
2107 2774 2307 2852 atque
2337 2763 2630 2831 adversis
2672 2771 2945 2853 tempo·

711 2859 936 2949 ribus,
982 2865 1144 2954 quin
1168 2866 1236 2932 in
1264 2867 1678 2937 atrocissimo
1703 2868 2067 2936 infortunio
2111 2873 2527 2937 constantem
2571 2875 2773 2955 atq'ue
2812 2868 2945 2933 im·-

709 2973 975 3033 motum
992 3014 1014 3051 ,
1062 2968 1350 3058 parique
1375 2993 1644 3064 semper
1683 2981 1753 3039 et
1777 2971 2237 3041 moderatione
2280 2981 2350 3038 et
2390 2969 2783 3037 fortitudine
2826 2993 2946 3036 ea-

712 3065 876 3134 dem
904 3070 1016 3135 via
1040 3064 1498 3158 incedentem,
1549 3096 1687 3143 non
1713 3084 1784 3143 et
1810 3075 2175 3142 admiretur
2202 3074 2524 3160 maxime,
2578 3081 2649 3140 et
2685 3095 2943 3141 summa

710 3169 1139 3239 veneratione
1165 3175 1526 3264 suspiciat?
1575 3177 2011 3246 Considerate
2054 3177 2231 3246 haec
2271 3177 2571 3269 singula,
2625 3177 2826 3260 cives,
2874 3184 2946 3242 et

708 3270 992 3339 recolite
1019 3283 1219 3365 grato
1243 3276 1468 3345 animo
1499 3280 1897 3348 memoriam
1923 3281 2121 3373 longi
2145 3281 2348 3349 huius
2374 3281 2737 3369 temporis,
2801 3301 2940 3368 quo

708 3373 905 3443 nobis
930 3383 1072 3444 tam
1100 3378 1345 3447 eximio
1376 3380 1579 3473 Rege
1602 3382 1737 3450 frui
1776 3384 2077 3476 contigit.
2180 3385 2387 3453 Nulla
2426 3406 2586 3474 pars
2633 3392 2732 3453 est
2781 3383 2943 3450 offi-

709 3476 1006 3564 ciorum,
1054 3481 1239 3550 nulla
1266 3491 1652 3577 temporum
1678 3485 2096 3573 vicissitudo,
2148 3477 2324 3578 quae
2353 3509 2489 3553 non
2531 3486 2741 3556 talem
2783 3510 2939 3555 eum

708 3577 1060 3669 habuerit,
1109 3587 1381 3675 qualem
1408 3588 1698 3658 maxime
1727 3589 1956 3658 civitas
1984 3600 2223 3682 optare
2266 3597 2512 3681 posset.
2620 3591 2939 3680 Accepe-

707 3692 814 3750 rat
839 3684 954 3754 ille
981 3710 1268 3780 regnum
1313 3714 1356 3759 a
1394 3692 1758 3762 maioribus
1803 3693 1896 3761 ita
1956 3717 2112 3763 aere
2155 3695 2385 3789 alieno,
2418 3695 2737 3762 obrutum
2756 3744 2774 3774 ,
2840 3702 2938 3778 ut,

709 3787 1056 3872 quomodo
1085 3791 1159 3859 id
1187 3794 1435 3862 exsolvi
1460 3806 1693 3892 posset
1728 3795 1867 3865 sine
1911 3797 2153 3891 insigni
2193 3806 2263 3866 et
2305 3797 2553 3866 civium
2592 3796 2834 3866 iniuria
2871 3805 2941 3864 et

706 3886 874 3955 fidei
900 3893 1216 3982 publicae
1247 3896 1674 3988 detrimento,
1700 3900 1812 3968 vix
1849 3900 2075 3990 aliqua
2101 3902 2271 3969 ratio
2288 3890 2667 3991 appareret.
2735 3899 2938 3970 Nihi-

706 3987 994 4060 lominus
1016 4003 1198 4065 tanta
1213 4009 1312 4068 est
1321 3999 1503 4071 hanc
1526 4010 1670 4071 tam
1685 4003 2035 4073 difficilem
2048 4028 2193 4073 rem
2218 4026 2577 4096 aggressus
2590 4004 2937 4095 sapientia,

701 4100 781 4160 ut
811 4102 879 4162 et
908 4097 1289 4187 certissima,
1332 4113 1422 4184 et,
1450 4107 1682 4194 quoad
1713 4108 1987 4193 licebat,
2012 4109 2209 4177 etiam
2228 4108 2616 4176 brevissima
2633 4108 2743 4176 via
2757 4107 2936 4175 istud

706 4218 821 4263 aes
853 4197 1148 4268 alienum
1189 4202 1670 4278 incredibiliter
1713 4211 2122 4280 minueretur
2135 4260 2157 4297 ,
2217 4220 2284 4279 et
2333 4212 2744 4280 minueretur
2783 4211 2934 4300 qui-

615 4301 700 4366 12
717 4298 877 4375 dem
911 4322 1047 4370 non
1077 4305 1294 4374 solum
1320 4331 1479 4378 cum
1493 4312 1766 4382 minima
1793 4314 2041 4384 civium
2071 4315 2404 4401 molestia,
2435 4315 2557 4385 sed
2587 4316 2685 4384 ita
2710 4317 2932 4400 etiam,

711 4410 785 4469 ut
820 4403 994 4475 fides
1021 4408 1304 4500 publica
1331 4433 1469 4480 non
1496 4413 2052 4506 labefactaretur,
2085 4418 2207 4491 sed
2235 4418 2435 4488 firma
2445 4427 2769 4508 maneret,
2806 4440 2942 4489 nec
