3325 5317
1094 451 1738 518 mssER'rA'no
1792 451 1873 518 11.
2473 456 2595 522 141

362 625 542 696 enim
582 632 923 696 matronas
958 624 1243 695 totidem
1287 625 1576 697 famulas
1610 623 1944 696 habam.
2048 624 2144 695 At
2175 622 2318 698 hoc
2363 606 2639 720 sngu-¹

359 729 504 799 lare
542 739 680 833 est,
728 731 1059 820 uniusque
1088 732 1445 824 proprium
1479 730 1877 824 tragoediae
1892 777 1917 816 ‚
1963 750 2102 797 non
2159 740 2237 799 ut
2291 750 2597 801 comme-

358 834 611 902 morari
652 842 1002 923 tamquam
1054 834 1370 904 usitatum
1426 834 1748 928 potuerit.
1862 833 2021 902 Non
2078 833 2366 902 certiora
2426 843 2651 920 sunt,5

359 960 538 1027 quae
567 959 726 1005 eum
756 946 1141 1022 moverunt,
1192 950 1267 1006 ut
1304 937 1464 1007 alibi
1504 937 1697 1031 apud
1735 935 2137 1028 Euripidem
2182 935 2433 1006 choros
2463 937 2601 1005 XII

357 1062 799 1132 personarum
849 1040 1125 1108 inveniri
1170 1041 1497 1115 crederet.
1618 1042 1797 1110 Nam
1841 1050 1919 1109 ut
1961 1040 2296 1111 concedat
2337 1026 2600 1129 aliquis,

357 1153 562 1236 posse
602 1143 933 1234 quosdam
966 1143 1160 1213 locos
1189 1169 1231 1212 a
1264 1144 1634 1237 duodecim
1665 1143 1970 1236 personis
2008 1143 2248 1213 ordine
2286 1145 2602 1214 recitatos

356 1246 610 1341 videri,
668 1256 738 1314 at
783 1246 944 1315 inde
983 1269 1122 1315 non
1163 1247 1494 1334 efficitur,
1558 1268 1698 1316 non
1741 1247 1976 1338 plures
2013 1246 2215 1315 fuisse
2252 1270 2599 1340 personas,

357 1372 566 1440 quam
590 1350 724 1418 XII
738 1397 760 1436 ‚
813 1372 1023 1440 quum
1053 1351 1389 1441 quaedam
1427 1352 1631 1420 etiam
1674 1360 1902 1419 tacere
1941 1350 2306 1442 potuerint.
2410 1349 2600 1435 Quid

354 1475 560 1538 vero,
643 1453 700 1523 si
746 1451 889 1523 hoc
933 1462 1152 1522 totum
1193 1475 1331 1522 non
1380 1463 1479 1523 est
1525 1453 1882 1546 probabile
1895 1500 1917 1539 ‚
1985 1451 2276 1524 chorum
2318 1453 2407 1522 ab
2461 1454 2603 1523 So-

353 1550 618 1649 phocle
652 1579 695 1624 a
724 1556 857 1627 XV
892 1556 1196 1649 personis
1224 1556 1316 1626 ad
1346 1557 1481 1627 XII
1517 1556 1872 1627 redactum
1897 1579 2062 1642 esse,
2111 1557 2212 1626 uti
2235 1555 2596 1627 Boeckhi-
2642 1632 2651 1637 ,

353 1682 434 1730 us
475 1683 636 1730 cum
677 1659 937 1729 Bothio
954 1707 977 1747 ,
1043 1683 1249 1752 quem
1303 1684 1391 1730 ne
1441 1659 1560 1732 hic
1617 1659 1900 1750 quidem
1964 1659 2205 1729 audire
2274 1659 2596 1746 debebat,

356 1758 734 1856 suspicatur
747 1762 781 1830 Ρ
841 1765 1056 1850 Nam,
1106 1772 1181 1832 ut
1218 1754 1456 1856 paullo
1496 1773 1650 1833 ante
1699 1764 2122 1849 dicebamuS,
2173 1762 2389 1832 multo
2420 1762 2598 1834 faci-

353 1867 488 1935 lius
532 1866 976 1935 Athenienses
993 1914 1016 1953 ‚
1075 1868 1200 1935 illo
1243 1867 1522 1958 quidem
1574 1891 1779 1952 aevo,
1857 1867 2097 1959 augeri
2157 1866 2595 1958 splendorem
2720 1932 2729 1951 ,

354 1970 591 2058 chori,
643 1993 850 2060 quam
882 1970 1092 2039 minui
1138 1972 1318 2063 passi
1354 1979 1588 2040 essent.
1690 1971 1855 2041 Hoc
1895 1972 2075 2039 enim
2105 1980 2292 2039 recte
2324 1978 2599 2061 poterat

351 2073 587 2144 facere
600 2122 621 2159 ,
673 2075 794 2165 qui
817 2073 1086 2166 populo
1131 2075 1409 2167 placere
1451 2075 1692 2156 vellet3
1714 2136 1717 2139 .
1739 2073 1916 2145 illud
1929 2121 1952 2160 ‚
2001 2074 2121 2164 qui
2148 2073 2365 2142 nollet
2396 2075 2597 2142 amit-

328 2186 499 2246 ·tere
520 2177 872 2246 victoriam
886 2225 908 2261 ‚
959 2200 1098 2246 non
1138 2178 1431 2248 debebat
1478 2176 1754 2247 audere.
1808 2177 2040 2262 Quare
2072 2176 2262 2266 quod
2306 2177 2596 2267 scriptor
2638 2250 2649 2261 ..

352 2281 532 2350 vitae
575 2279 947 2372 Sophoclis
993 2290 1063 2349 et
1105 2282 1350 2351 Suidas
1388 2280 1691 2367 tradunt,
1740 2279 1875 2350 XV
1916 2279 2226 2350 choricas
2272 2302 2594 2372 personas

349 2384 700 2454 instituisse
751 2383 1180 2478 Sophoclem
1197 2435 1220 2474 ,
1298 2408 1511 2475 quum
1562 2393 1759 2455 antea
1796 2384 1934 2453 xl!
1987 2383 2593 2471 introducerentur,

349 2495 616 2556 tantum
660 2488 848 2556 abest
863 2535 886 2574 ‚
966 2498 1042 2557 ut
1091 2488 1490 2580 permutatis
1536 2486 1981 2556 librariorum:
2022 2508 2251 2557 errore
2298 2487 2593 2559 numeris

353 2589 492 2660 dici
547 2592 927 2682 putandum
970 2592 1101 2679 sit2
1155 2599 1231 2659 ιιι
1274 2592 1503 2684 potius
1519 2637 1545 2677 ,
1618 2591 1675 2660 si
1732 2589 2138 2661 contrarium
2177 2586 2478 2660 dicerent
2514 2590 2594 2659 hi

352 2696 714 2784 scriptores
733 2742 756 2781 ,
834 2694 1323 2787 permutatione
1381 2716 1815 2767 numerorum
1884 2693 2291 2764 emendandi
2352 2703 2593 2764 essent.

353 2796 790 2888 Quamquam
825 2821 977 2868 .non
1025 2808 1200 2891 puto
1260 2821 1378 2867 eos
1421 2798 1607 2867 omui
1654 2819 1739 2867 ex
1791 2807 1985 2890 parte
2025 2820 2261 2867 verum
2297 2798 2593 2868 tradere.

352 2901 534 2968 Nam
548 2949 570 2986 ‚
620 2902 677 2970 si
722 2910 906 2972 recte
946 2903 1199 2989 sentio,
1248 2903 1590 2991 aliquanto
1619 2909 1773 2970 ante
1805 2900 2236 2995 Sophoclem
2266 2900 2516 2989 chorus
2549 2925 2591 2970 a

351 3003 487 3072 XII
531 3004 830 3096 personis
870 3005 961 3073 ad
1001 3000 1139 3074 XV
1182 3016 1417 3077 auctus
1479 3014 1611 3074 est:
1685 2998 1892 3097 quam
1942 3000 2380 3075 mutationem
2435 3006 2592 3096 qui-

351 3105 516 3176 dam
559 3107 902 3200 Sophocli
948 3108 1352 3194 tribuerunt,
1420 3107 1610 3198 quod
1652 3107 1841 3180 hunc
1886 3109 2179 3200 plurima
2214 3131 2496 3178 novasse
2518 3109 2591 3177 in

351 3233 427 3279 re
456 3212 721 3303 tragica
761 3212 1191 3304 accepissent.
1295 3212 1620 3280 Similiter
1660 3213 1932 3282 tertium
1976 3222 2276 3283 actorem
2318 3213 2591 3284 fuerunt

353 3314 470 3404 qui
502 3316 593 3384 ab
634 3315 983 3406 Aeschylo
1024 3315 1391 3401 institutum
1432 3315 1767 3403 dicerent,
1813 3326 1889 3385 ιιι
1916 3316 2273 3386 ostendunt
2295 3315 2581 3386 Themi-

352 3417 512 3486 stius
560 3427 726 3487 orat.
755 3419 1006 3488 XXVI.
1035 3442 1109 3510 p.
1136 3417 1309 3487 316.
1356 3427 1427 3487 et
1458 3420 1748 3511 scriptor
1787 3420 1967 3489 vitae
2009 3418 2337 3510 Aeschyli
2366 3422 2438 3487 in
2474 3418 2587 3488 ed.

349 3520 645 3595 Robort.
690 3544 763 3614 p.
807 3521 927 3591 11.
957 3531 1028 3592 et
1053 3523 1123 3592 in
1159 3513 1316 3594 cod.
1349 3523 1584 3592 Guelf.
1631 3546 1843 3613 quum
1882 3524 2029 3609 alii,
2079 3521 2591 3592 commemorati

349 3646 394 3693 a
431 3624 796 3696 Boeckhio
822 3649 895 3718 p.
920 3620 1045 3694 45.
1080 3626 1170 3695 ab
1199 3624 1559 3717 Sophocle
1586 3626 1663 3694 id
1687 3627 1946 3696 factum
1976 3625 2290 3709 referant,
2343 3625 2586 3714 quibus

267 3744 272 3751 ·
351 3726 704 3799 addendus
742 3739 838 3797 est
872 3752 955 3797 ex
997 3729 1240 3797 eadem
1281 3728 1605 3820 Aeschyli
1641 3730 1779 3797 vita
1821 3727 2276 3799 Dicaearchus
2320 3728 2551 3798 Messe
2583 3769 2587 3774 .

347 3830 512 3900 nius.
617 3830 758 3902 Sed
790 3833 927 3901 sive
962 3831 1388 3924 Sophocles,
1438 3833 1577 3902 sive
1617 3833 1785 3901 alius
1818 3841 1972 3902 ante
2000 3855 2158 3901 eum
2197 3855 2240 3900 a
2262 3832 2396 3900 XII
2418 3856 2585 3924 per-

348 3935 527 4005 sonis
554 3936 645 4003 ad
677 3935 808 4005 XV
839 3937 1021 4005 auxit
1048 3935 1336 4013 chorum
1353 3984 1376 4022 ‚
1425 3934 1603 4008 haec
1642 3958 1920 4027 quoque
1961 3959 2070 4005 res
2109 3935 2363 4006 refellit
2390 3937 2585 4005 istam

344 4037 649 4126 Pollucis
675 4038 767 4107 de
792 4038 859 4108 1.
895 4039 1117 4125 Furiis
1155 4041 1479 4109 fabulam.
1584 4041 1755 4126 Quis
1783 4039 1961 4111 enim
1998 4040 2125 4109 sibi
2158 4040 2587 4132 persuadeat,

348 4131 639 4212 chorum
670 4143 885 4212 modo
917 4167 960 4213 a
1000 4144 1135 4213 XII
1172 4143 1473 4236 personis
1511 4143 1602 4212 ad
1642 4144 1813 4233 XV,
1865 4144 2179 4235 adeoque
2223 4144 2313 4214 ad
2352 4146 2416 4214 L
2457 4169 2585 4217 au·-
2648 4220 2654 4227 ,

346 4246 538 4338 geri,
586 4246 799 4315 modo
835 4270 1100 4318 rursum
1146 4247 1237 4317 ad
1277 4246 1408 4316 XV
1433 4247 1642 4316 minui
1674 4250 1974 4342 potuisse
1999 4247 2036 4316 ἓ
2082 4248 2305 4341 Immo
2339 4250 2506 4318 talia
2539 4270 2584 4316 a

346 4349 716 4418 minoribus
757 4350 956 4420 initiis
1008 4373 1170 4420 mox
1219 4349 1311 4419 ad
1359 4338 1631 4421 firmum
1685 4375 1768 4424 ac
1806 4352 2118 4422 stabilem
2175 4334 2420 4421 statum
2460 4374 2587 4421 ve·-

348 4448 541 4543 uisse,
590 4474 816 4547 neque
844 4454 1134 4551 amplius
1167 4455 1547 4547 mutationi,
1593 4456 1990 4555 praesertim
2029 4455 2411 4528 detrahenti
2452 4454 2583 4525 ali-
