3325 5317
746 454 883 535 292·
1292 452 1410 532 nr
1465 467 1747 533 mvs1s
1801 460 2446 535 rnvvumsvs

1057 640 1454 736 παρέχουσι
1491 645 1790 738 βροτοῖς
1813 642 2169 742 γλυκερῶν
2209 641 2532 741 ῥείθρων

1059 742 1337 841 ἀλιπεῖς
1370 737 1723 844 προχοάς.
2143 754 2150 763 ’
2435 764 2450 799 '-

745 884 827 969 In
871 898 1119 988 quibus
1172 898 1471 987 versibus
1523 897 1898 968 notandum
1955 897 2242 966 verbum
2299 893 2573 981 ἀλιπεῖς
2619 921 2688 981 ει,
2714 896 2985 977 λείπειν

745 1001 1115 1074 deductum
1130 1050 1152 1087 ‚
1204 1001 1397 1091 quod
1451 1003 1841 1095 neglectum
1889 1010 1991 1069 est
2029 1001 2098 1068 in
2136 999 2382 1075 lexicis,
2483 1000 2839 1072 Accedant
2893 1000 2985 1069 ad

743 1105 922 1176 haec
963 1104 1180 1175 Servii
1210 1106 1420 1175 verba
1459 1105 1552 1174 ad
1592 1105 1783 1201 Virg.
1825 1104 1981 1177 Ecl.
2028 1103 2180 1178 vn.
2219 1101 2338 1170 21.
2392 1111 2469 1172 ut
2520 1112 2761 1173 autem
2797 1126 2980 1198 poe-

736 1198 870 1279 tae
935 1209 1251 1279 ivwoeent
1310 1207 1666 1301 nymphas
1683 1255 1705 1293 ,
1772 1209 1955 1277 sicut
2016 1206 2153 1276 hoc
2202 1207 2395 1293 loco,
2464 1209 2633 1276 item
2680 1208 2752 1277 in
2791 1206 2977 1302 fine,

745 1323 1118 1383 extremum
1143 1310 1365 1397 hunc,
1398 1310 1793 1396 Arethusa,
1844 1309 2018 1379 mihi
2059 1311 2362 1381 concede
2404 1310 2746 1399 laborem,
2798 1310 2979 1380 haec

741 1417 933 1485 ratio
984 1422 1120 1504 est,
1184 1415 1378 1507 qaod
1421 1414 1814 1484 secundum
1871 1413 2265 1484 Varronem
2315 1414 2520 1506 ipsae
2568 1421 2728 1483 aaut
2775 1437 2977 1504 nym-

731 1520 973 1613 phae,
1024 1540 1210 1611 quae
1251 1525 1320 1586 et
1359 1516 1658 1602 Musae,
1717 1538 1849 1586 nec
1885 1517 2274 1585 immerito.-
2334 1539 2506 1615 nam
2550 1540 2788 1608 aquae
2825 1539 2976 1585 mo-

738 1630 855 1693 tus
916 1622 1229 1691 musicen
1288 1619 1550 1716 efficit,
1619 1627 1699 1688 ut
1758 1620 1830 1687 in
1877 1618 2271 1710 hydraulia
2324 1620 2662 1688 videmus.
2783 1618 2976 1689 Sane

740 1725 1144 1809 sciendum,
1211 1720 1404 1814 quod
1445 1721 1639 1793 idem
1705 1721 1938 1792 Varro
1999 1730 2146 1791 tres
2205 1730 2481 1791 tantum
2524 1722 2782 1792 Musas
2829 1744 2977 1791 esse

741 1834 1246 1923 commemorat
1261 1873 1284 1912 ‚
1361 1847 1581 1894 unam
1595 1874 1617 1911 ,
1711 1847 1899 1917 quae
1955 1847 2045 1895 ex
2100 1848 2334 1918 aquae
2375 1828 2692 1896 nascitur
2748 1833 2937 1895 motu
2950 1846 2976 1904 ‚⁶

740 1932 1084 2017 alteram,
1144 1951 1361 2021 quam
1405 1929 1598 1998 aeris
1628 1929 1797 1997 ictu
1844 1927 2067 2024 efficit
2113 1951 2362 2008 sonu33
2416 1930 2704 1998 tertiam
2723 1978 2744 2014 ‚
2793 1951 2980 2021 quae

737 2035 814 2104 in
842 2054 1048 2101 mera
1087 2040 1363 2101 tantum
1390 2054 1561 2103 voce
1591 2033 1919 2101 consistit.
2023 2032 2169 2100 lam
2203 2054 2364 2101 vero
2406 2033 2572 2123 quid
2617 2030 2724 2100 his
2761 2032 2977 2100 omni-

736 2139 862 2207 bus
899 2137 1189 2225 efficitur
1207 2135 1242 2203 ?
1289 2135 1480 2204 Nihil
1505 2135 1815 2227 amplius,
1866 2158 2070 2225 quam
2099 2134 2277 2205 haec
2310 2135 2480 2204 duo:
2527 2158 2758 2221 unum,
2808 2134 2974 2202 Mu-

738 2264 842 2310 sas
904 2241 991 2310 ab
1044 2239 1256 2330 Lydis
1306 2241 1510 2319 etiam
1552 2238 2013 2329 nympharum
2055 2239 2325 2307 nomine
2384 2239 2760 2330 appellatas
2807 2260 2974 2319 esse3

737 2345 1027 2413 alterum
1044 2393 1065 2429 ,
1108 2341 1444 2433 nymphas
1486 2341 1809 2426 fontium,
1859 2350 1936 2409 ut
1980 2363 2153 2431 quae
2193 2351 2447 2411 mentes
2483 2341 2708 2410 divino
2743 2341 2975 2409 afflatu

734 2448 1098 2539 impleant,
1160 2466 1664 2535 nonnumquam
1689 2436 2059 2541 ,Musarum
2103 2446 2263 2515 loco
2316 2469 2358 2513 a
2395 2445 2614 2536 poetis
2660 2445 2970 2515 invocari.

734 2552 830 2644 Et
871 2551 962 2618 ad
1004 2549 1239 2640 Lydos
1297 2550 1574 2639 quidem
1636 2548 1828 2638 quod
1875 2549 2144 2639 attinet,
2209 2571 2346 2617 non
2404 2547 2742 2640 nymphas
2782 2547 2966 2640 apud

731 2655 888 2722 illos
910 2654 1261 2721 Musarum
1285 2642 1816 2744 appellationem
1832 2700 1853 2736 ‚
1906 2651 2029 2720 sed
2067 2651 2299 2721 Musas
2342 2652 2796 2744 nympharum
2840 2652 2969 2720 ha·-

733 2758 989 2842 buisse,
1042 2754 1446 2843 ,scholiastes
1500 2754 1889 2839 Theocriti,
1953 2755 2370 2846 Hesychius,
2432 2755 2675 2825 Suidas
2691 2803 2713 2840 ‚
2779 2755 2969 2824 Pho-

729 2861 867 2929 tius
916 2859 1335 2950 apertissime
1375 2858 1785 2950 significant:
1820 2856 2155 2948 idemque
2202 2860 2486 2928 voluisse
2525 2857 2968 2950 Stephanum,

732 2986 838 3032 res
867 2964 1016 3053 ipsa
1046 2962 1283 3033 docet:
1335 2962 1458 3040 sed
1491 2964 1901 3053 epitomator
1933 2962 2358 3055 negligenter
2387 2963 2681 3054 scripsit,
2736 2961 2818 3043 ἂς
2850 2959 2969 3034 καὶ

730 3061 1050 3146 Μούσας
1105 3064 1344 3138 Λυδοὶ
1392 3064 1735 3154 καλοῦσι,
1789 3087 1998 3154 quum
2053 3066 2337 3134 deberet
2376 3068 2508 3151 ita,
2560 3059 2848 3161 νύμφας
2892 3062 2969 3137 δὲ

668 3210 681 3218 ·
734 3161 867 3247 τοῖς
897 3160 1210 3246 Μούσας
1233 3167 1475 3240 Λυδοὶ
1517 3169 1818 3241 καλοῦσι
1856 3164 1955 3259 *).
2058 3169 2331 3238 Eadem
2360 3160 2776 3261 negligentia
2807 3168 2968 3236 Ser·-

733 3271 878 3339 vius
930 3269 1017 3338 de
1068 3268 1391 3337 Varronis
1447 3272 1767 3343 sententia
1808 3269 2126 3360 loquitun
2226 3274 2444 3343 Recte
2489 3266 2716 3340 autem
2769 3268 2971 3362 Lydi.

731 3374 912 3443 Nam
954 3372 1277 3466 generale
1318 3391 1567 3439 nomen
1607 3372 2067 3464 nympharum
2109 3385 2241 3462 est,
2294 3386 2366 3444 ut
2406 3375 2646 3444 Musae
2697 3376 2964 3443 omnino

735 3479 866 3546 sint
913 3479 984 3546 in
1028 3475 1345 3568 nymphis
1390 3475 1879 3563 numerandae,
1945 3470 2069 3550 sed
2120 3501 2257 3551 non
2314 3489 2547 3550 contra
2563 3527 2584 3563 ‚
2650 3487 2727 3546 ut
2773 3501 2959 3568 nym-

714 3583 920 3674 'phae
969 3604 1199 3651 omnes
1247 3581 1448 3649 etiam
1484 3577 1913 3665 sint,Musae.
2012 3583 2106 3650 Et
2151 3584 2247 3654 sic
2285 3583 2667 3674 scriptores
2722 3579 2965 3669 antiqui

735 3706 968 3755 omnes
1016 3686 1123 3755 his
1159 3684 1539 3752 nominibus
1580 3691 1884 3751 utuntur:
1958 3706 2024 3757 v,
2079 3706 2139 3753 c.
2206 3685 2629 3776 Lycophron
2693 3708 2758 3752 v.
2795 3679 2962 3752 275.

734 3789 1073 3879 nymphas
1114 3789 1499 3872 nominum,
1564 3793 1652 3858 αἲ
1694 3792 2003 3907 <plancaro
2044 3782 2404 3895 Βηφύρρυ
2459 3782 2720 3882 ydrae,
2771 3788 2960 3862 Aec-

823 4116 885 4203 *)
926 4120 1324 4184 Buttmannus
1372 4145 1435 4205 p.
1477 4127 1623 4195 501.
1674 4126 1994 4190 defendere
2032 4128 2264 4191 studuit
2304 4131 2788 4212 epitomatorem:
2849 4144 2964 4205 qua

741 4205 1087 4283 defensione
1120 4211 1170 4268 si
1198 4208 1320 4269 hoc
1349 4211 1582 4286 voluit,
1637 4213 1839 4292 Lydos
1873 4216 2160 4276 musicam
2210 4215 2284 4276 ab
2316 4213 2597 4297 nymphis
2639 4211 2964 4294 repetiisse,

736 4314 864 4354 non
899 4292 1203 4372 repugno,
1261 4294 1367 4355 sed
1399 4297 1473 4355 'ut
1512 4298 1822 4359 Musarum
1853 4302 2099 4362 nomine
2134 4303 2429 4386 nymphas
2470 4299 2803 4380 appellasse
2845 4315 2967 4356 cre·

736 4379 923 4455 dam,
967 4398 1091 4437 non
1137 4378 1396 4457 vincet,·
1426 4380 1540 4441 nisi
1585 4393 1855 4444 caeteros
1892 4406 2044 4468 quos
2084 4388 2214 4449 dixi
2241 4400 2547 4463 auctores,
2588 4383 2696 4464 qui
2736 4391 2966 4444 contra·

741 4466 900 4526 rium
921 4463 1255 4543 affirmant,
1301 4485 1531 4527 errasse
1556 4470 1914 4533 ostenderit:
2327 4506 2330 4509 ·
