3325 5317
708 490 873 554 los·
960 485 1066 549 m:
1105 450 1627 547 Mrmomcu
1661 481 2144 545 cumconvm
2183 480 2736 557 mmwsslm

706 659 1018 733 dictionis
1042 659 1362 728 varietate
1390 666 1596 749 atque
1631 667 1869 727 ornatu
1905 655 1997 725 ad
2019 657 2308 725 Homeri
2341 656 2764 745 aliorumque
2798 655 2945 725 cla—

705 786 937 834 rorum
975 772 1334 856 poetarum
1381 764 1632 854 scripta
1677 761 2063 853 comparari
2116 769 2373 852 potest,
2453 767 2681 827 tamen
2741 759 2943 826 aliam

707 882 995 956 eamque
1022 867 1114 934 ita
1144 866 1495 957 propriam
1526 864 2184 935 commendationem
2206 863 2451 948 habet,
2500 872 2578 931 ut
2605 886 2688 931 ea
2712 884 2944 933 caussa

669 965 913 1041 -etiam
968 968 1476 1038 anteferendum
1537 969 1672 1038 illis
1732 969 2066 1061 poematis
2121 990 2263 1036 oese
2318 966 2644 1036 videatur.
2762 967 2941 1035 Dico

707 1083 935 1143 autem
997 1095 1133 1142 non
1198 1072 1620 1145 reconditum
1687 1072 2018 1161 quiddam
2082 1080 2152 1140 et
2198 1071 2574 1139 abstrusum
2587 1122 2608 1158 ,
2674 1070 2797 1138 sed
2844 1069 2942 1156 id,

712 1176 914 1267 quod·
970 1198 1180 1266 quum
1258 1175 1464 1245 cuivis
1526 1176 1826 1267 primum
1902 1175 1973 1243 in
2039 1185 2337 1243 mentem
2386 1173 2615 1242 venire
2674 1173 2946 1259 debeat,

699 1288 1074 1372 ‘propterea
1123 1278 1513 1371 neglectum
1569 1289 1671 1348 est
1684 1327 1707 1365 ,
1786 1279 1946 1371 quia
2011 1300 2256 1369 parum
2309 1276 2730 1346 fructuosum
2792 1276 2946 1345 fore

707 1383 1090 1475 putabatur.
1192 1384 1371 1451 Nam
1423 1382 1572 1470 quis
1614 1404 1752 1452 non
1812 1391 1967 1451 ante
2020 1383 2247 1450 omnia
2261 1428 2282 1466 ,
2363 1379 2545 1450 unde
2602 1381 2948 1472 acceperit

706 1485 1049 1556 Hesiodus
1101 1485 1533 1575 narrationes,
1565 1485 1715 1554 illas
1761 1484 1852 1553 de
1895 1485 2265 1576 originibus
2306 1483 2592 1552 deorum
2610 1532 2632 1569 ,
2698 1492 2766 1552 et
2808 1506 2946 1573 qua

706 1590 986 1675 ratione,
1038 1610 1263 1677 quove
1295 1588 1580 1681 consilio
1609 1587 1700 1657 de
1737 1588 1816 1658 iis
1843 1588 2244 1679 exposuerit,
2295 1586 2756 1675 quaerendum
2782 1610 2940 1658 cen-

706 1701 848 1762 seat
861 1692 897 1760 ?
943 1692 1041 1761 At
1066 1688 1243 1760 enim
1270 1691 1461 1780 quod
1496 1689 1586 1759 ad
1617 1691 1839 1759 fontes
1865 1691 2128 1776 attinet,
2181 1712 2265 1759 ex
2295 1691 2539 1780 quibus
2565 1689 2787 1758 hausit
2809 1692 2950 1776 ille,

704 1817 917 1885 quum
957 1794 1265 1885 plerique
1319 1793 1500 1863 hanc
1544 1794 2005 1883 quaestionem
2046 1815 2185 1863 non
2222 1793 2572 1886 propriam
2620 1794 2969 1864 Hesiodei-

707 1896 1051 1980 carminiS‚
1102 1895 1224 1965 sed
1270 1918 1702 1967 communem
1746 1898 2087 1966 universae
2131 1897 2556 1967 Graecorum
2595 1898 2951 1987 mytholoss

706 2001 869 2092 gine
904 2021 1048 2068 esse
1086 2000 1517 2091 opinarentur
1533 2049 1554 2085 ,
1604 2001 2030 2071 seiunxerunt
2071 2024 2222 2069 eam
2261 2001 2352 2068 ab
2399 2001 2950 2092 interpretatione

702 2101 1179 2195 Theogoniae.
1285 2101 1445 2188 Quo
1497 2104 1754 2177 factum
1802 2113 1937 2193 est,
2006 2113 2080 2172 ut
2117 2105 2401 2172 alterum
2456 2104 2632 2171 illud
2677 2104 2950 2174 investi-

706 2227 915 2298 gare,
979 2206 1332 2296 quomodo
1366 2230 1484 2293 eas
1523 2231 1630 2277 res
1668 2216 1999 2276 narrasset
2031 2207 2407 2294 Hesiodus,
2457 2229 2952 2298 supervacuum

706 2309 1023 2400 putarint.
1125 2309 1243 2378 Ad
1281 2310 1499 2402 ipsam
1527 2331 1690 2379 vero
1728 2309 2204 2403 mythologiae
2244 2310 2667 2381 Graecorum
2706 2312 2950 2402 expla-

707 2413 1051 2481 nationem
1102 2434 1312 2502 quum
1361 2413 1620 2506 duplex
1657 2414 1769 2483 via
1813 2424 2047 2507 pateat
2062 2463 2083 2499 ,
2164 2436 2315 2483 eam
2363 2412 2676 2506 plerique
2718 2435 2953 2483 omnes
3046 2405 3051 2411 ’

704 2514 988 2608 ingressi
1044 2524 1232 2602 sunt,
1299 2524 1412 2602 ut,
1490 2514 1819 2608 quoniam
1856 2541 1939 2589 ex
1984 2517 2251 2587 orientis
2298 2518 2690 2609 regionibus
2735 2519 2952 2586 omnis

705 2617 833 2687 ista
873 2617 1181 2690 doctrina
1219 2619 1522 2689 derivata
1563 2630 1694 2707 est,
1746 2620 2081 2711 quidquid
2116 2621 2207 2690 de
2235 2620 2596 2707 Indorum,
2649 2620 2953 2690 Phoeni-—

708 2743 869 2792 cum
887 2772 909 2809 ,
959 2721 1494 2813 Aegyptiorum,
1558 2722 1978 2814 aliarumque
2020 2725 2325 2816 gentium
2385 2723 2710 2815 sapientia
2758 2746 2955 2794 com-⁴-

705 2832 979 2916 pertum
1016 2822 1346 2893 habemus
1362 2873 1384 2910 ‚
1434 2825 1527 2893 ad
1557 2827 1858 2899 Graecas
1899 2826 2168 2915 fabulas
2206 2828 2646 2918 applicarent.
2752 2829 2957 2898 Vnde

708 2934 959 3017 quanta
990 2927 1412 3016 perturbatio
1461 2937 1609 2997 orta
1649 2929 1731 2996 sit
1772 2930 2275 3023 mythologiae,
2327 2941 2708 3021 quantaque
2742 2933 2958 3001 -dissi-
2998 2983 3002 2987 -

706 3028 1142 3100 millimarum
1206 3053 1437 3100 rerum
1493 3033 1855 3123 permixtio
1910 3043 2116 3124 atque
2170 3034 2512 3121 confusio,
2587 3035 2740 3103 satis
2783 3036 2958 3105 inter

709 3154 944 3211 omnes
979 3141 1257 3201 constat.
1358 3124 1592 3204 Multo
1641 3133 1922 3239 rectior,
1967 3147 2047 3206 vut
2073 3135 2244 3204 mihi
2274 3137 2559 3223 videtur,
2611 3140 2823 3208 altera
2849 3140 2957 3209 via

712 3243 850 3321 est,
900 3255 1080 3323 quae
1106 3245 1404 3317 versatur
1430 3238 1501 3305 in
1532 3261 1616 3311 eo
1633 3286 1654 3322 ,
1707 3248 1781 3309 ut
1826 3239 2106 3310 exclusis
2122 3288 2143 3326 ,
2195 3265 2372 3330 quae
2411 3243 2498 3310 ab
2539 3241 2687 3310 aliis
2726 3244 2960 3334 genti-

708 3339 838 3408 bus
891 3334 1187 3430 probata
1228 3338 1498 3408 fuerunt
1513 3389 1533 3426 ,
1582 3341 1704 3408 illa
1719 3389 1739 3426 ,
1790 3343 2022 3430 quoad
2064 3343 2211 3410 fieri
2260 3353 2484 3437 potest
2500 3374 2550 3430 ,·
2583 3367 2958 3436 persequa-

710 3463 900 3528 mur,
982 3463 1159 3531 quae
1205 3465 1247 3509 a
1294 3442 1573 3513 Graecis
1616 3444 1778 3534 ipsis
1817 3455 1969 3513 sunt
2005 3446 2269 3515 tradita.
2376 3449 2684 3533 Quorum
2745 3471 2963 3538 quum

661 3543 889 3613 ‘anihil
927 3543 1301 3614 habeamus
1316 3594 1337 3632 ,
1390 3545 1580 3638 quod
1620 3546 1931 3616 Homero
1978 3548 2424 3640 Hesiodoque
2473 3550 2815 3640 antiquius,
2853 3556 2958 3642 sit,

710 3647 800 3718 ab
840 3647 950 3718 his
1005 3650 1221 3718 omnis
1263 3649 1389 3719 ista
1434 3649 1765 3721 ordienda
1811 3651 2085 3745 videtu
2122 3653 2522 3747 disputatio,
2581 3657 2961 3752 praecipue
3075 3660 3081 3669 '

712 4039 860 4111 τοῖς-
911 4030 1110 4121 λόγοις
1176 4032 1502 4148 ἐρχόμενος
1568 4042 1683 4126 μὲν
1747 4049 1860 4127 τῆς
1929 4048 2300 4128 συγγραφῆς,
2379 4038 2669 4126 εὐηθείας
2741 4044 2962 4129 ἔνεμον

713 4119 937 4222 πλέον,
996 4121 1060 4196 ἐς
1102 4121 1169 4186 δὲ
1208 4123 1282 4188 τοὶ
1328 4123 1636 4213 Αρκᾶδων
1673 4128 2142 4214 προεληλυθώς,
2197 4123 2500 4212 πρόνοιαν
2552 4130 2692 4214 περὶ·
2751 4127 2961 4196 αὐτῶν

710 4207 964 4307 vocarer
1018 4204 1387 4290 ἐλάμβανον·
1494 4211 1817 4297 Ἑλλήνων
1887 4213 2033 4291 τούς
2083 4213 2513 4298 νομιζομένους
2560 4214 2807 4297 σοφούς
2881 4211 2960 4280 δι’

713 4291 1087 4375 αἰνιγματων
1145 4290 1366 4374 πάλαι,
1458 4300 1565 4363 καὶ
1621 4296 1824 4365 οὐκέτ’
1884 4301 1952 4365 ἐκ
2001 4305 2114 4365 τοῦ
2171 4295 2389 4375 εὐθέος
2442 4299 2633 4382 λέγειν
2673 4299 2837 4377 τούς·
2860 4298 2958 4365 λα’-

711 4399 893 4459 γους,
964 4374 1072 4439 καὶ
1124 4374 1199 4440 τοὶ
1252 4380 1537 4465 εἰρημένα
1594 4378 1711 4450 οὖν
1760 4386 1827 4462 ἐς
1878 4383 1988 4451 τόν
2020 4380 2289 4471 ,Κρόνον
2347 4387 2575 4467 σοφίαν
2617 4382 2779 4452 εἷναί
2800 4410 2959 4452 τινα

712 4461 952 4538 εἴκαζον
987 4458 1306 4546 Ἑλλήνων.
2163 4510 2167 4515 ·
