3325 5317
725 463 862 528 m
954 459 1075 524 DE
1111 457 1648 524 HISTORIAE
1689 458 2126 524 GRAECAE
2177 459 2749 524 PRIMORDIIS

730 630 1212 704 narrationibus
1277 629 1875 725 coniungerentur.
1974 632 2389 726 perdifficile
2456 640 2557 702 est
2629 642 2733 701 et
2758 653 2968 723 saepe

731 758 1006 828 prorsus
1047 746 1409 828 negatum,
1503 736 1799 809 confinia
1863 736 2249 808 describere
2315 737 2698 806 fabularum
2763 745 2967 825 atque

729 837 1073 907 historiae.
1173 840 1498 925 Accedit,
1547 840 1739 930 quod
1764 839 1884 931 qui
1920 841 2124 932 primi
2151 840 2501 910 historiam
2540 839 2965 931 scripserunt,

733 965 942 1032 quum
967 962 1103 1009 non
1132 965 1429 1028 sensum,
1480 944 1604 1012 sed
1631 944 1842 1013 verba
1882 943 2155 1013 illarum
2190 945 2571 1013 fabularum
2604 964 2963 1032 sequeren-

730 1054 878 1131 tur,
940 1047 1189 1136 partim
1236 1047 1635 1132 conciliare,
1688 1069 1866 1135 quae
1908 1047 2082 1116 inter
2124 1069 2196 1115 se
2234 1055 2652 1139 pugnarent,
2718 1044 2964 1136 partim
3030 1045 3039 1058 '

733 1147 1178 1219 coniectando
1236 1159 1306 1218 et
1342 1149 1815 1242 ratiocinandq
1852 1150 1945 1217 ad
1996 1149 2329 1239 liquidum
2383 1148 2765 1242 perducere
2824 1157 2965 1216 stu-

732 1250 1053 1320 duerunt:
1110 1252 1352 1341 quibus
1395 1251 1646 1321 deinde
1660 1300 1683 1337 ,
1745 1262 1821 1322 ut
1860 1252 2118 1322 idoneis
2166 1252 2548 1322 auctoribus
2561 1299 2583 1334 ‚
2636 1250 2964 1320 creditum

734 1364 870 1439 est,
917 1377 1128 1445 quum
1171 1355 1362 1426 credi
1410 1356 1710 1446 omnium
1754 1356 2026 1424 minime
2065 1355 2396 1424 debuerit.
2500 1354 2643 1424 Sed
2683 1363 2758 1423 ut
2798 1375 2966 1444 pos-

731 1456 815 1532 sit.
856 1456 1135 1528 historia
1174 1482 1215 1527 a
1258 1458 1509 1526 fabulis
1549 1458 1704 1526 satis
1749 1457 2039 1528 discerni
2054 1505 2076 1542 ,
2124 1459 2298 1527 illud
2337 1458 2749 1547 quaerimus,
2799 1455 2965 1546 quid

615 1555 620 1564 ’
731 1559 813 1628 sit
848 1560 916 1628 in
952 1561 1113 1653 ipsis
1143 1560 1270 1628 illis
1300 1562 1583 1647 fabulis,
1633 1561 1823 1651 quod
1850 1561 2172 1631 historiae
2216 1562 2489 1629 nomine
2532 1559 2818 1652 dignum
2863 1560 2963 1627 sit.

732 1663 1039 1748 Quarum
1068 1664 1123 1731 si
1148 1663 1357 1749 haec,
1398 1664 1496 1739 nti
1523 1664 1843 1749 diximus,
1894 1665 2063 1734 ratio
2093 1674 2225 1752 est,
2275 1673 2350 1733 ut
2375 1663 2599 1732 omnia
2630 1684 2769 1731 non
2798 1684 2967 1755 pro-

729 1767 892 1857 priis
933 1767 1345 1850 nominibus,
1393 1765 1519 1836 sed
1547 1767 1974 1857 appellativis
1998 1766 2385 1860 designent,
2432 1766 2606 1836 nihil
2638 1765 2825 1835 aliud
2853 1787 2965 1834 eas

730 1869 1077 1938 continere
1116 1877 1402 1961 apparet
1415 1917 1437 1955 ,
1487 1891 1695 1957 qnam
1725 1870 1910 1960 quali
1948 1871 2112 1961 quid
2147 1871 2218 1939 in
2257 1872 2415 1941 loco
2461 1878 2532 1939 et
2575 1894 2618 1938 a
2657 1870 2963 1959 qualibus

577 1969 588 1974 ²
729 1969 1113 2039 hominibus
1163 1982 1432 2064 gestum
1484 1973 1586 2040 sit.
1702 1975 1798 2044 At
1839 1973 2020 2044 haec
2063 1996 2201 2043 non
2246 1984 2346 2043 est
2377 1973 2673 2047 historia.
2790 1974 2967 2041 Nam

728 2072 1051 2144 historiae
1073 2076 1432 2166 proprium
1467 2086 1601 2160 est,
1649 2086 1728 2145 nt
1758 2075 1869 2165 id,
1919 2078 2108 2167 quod
2145 2086 2480 2162 narratur,
2532 2073 2690 2147 culm
2717 2097 2804 2144 eo
2820 2121 2827 2128 -
2844 2097 2966 2145 co-

728 2174 1048 2264 haereat,
1099 2179 1287 2267 quod
1318 2178 1430 2265 hi,
1482 2179 1724 2268 quibus
1766 2193 2105 2265 narratur,
2155 2182 2289 2272 ipsi
2329 2180 2622 2251 sensibus
2645 2179 2776 2247 suis
2801 2199 2964 2271 per-

730 2279 1004 2374 cipiunt.
1109 2281 1476 2371 Quumque
1508 2281 1790 2351 historia
1830 2293 1898 2351 et
1938 2283 2106 2374 quid
2155 2284 2412 2353 factum
2440 2277 2561 2367 sit,
2613 2290 2682 2352 et
2714 2306 2756 2350 a
2803 2303 2965 2371 quo,

733 2392 801 2452 et
831 2383 1127 2473 quando,
1178 2394 1246 2455 et
1275 2386 1413 2473 ubi,
1462 2385 1763 2455 indicare
1786 2385 2056 2472 debeat,
2109 2386 2199 2455 de
2227 2386 2334 2455 his
2365 2386 2672 2455 omnibus
2704 2386 2968 2455 testium

730 2486 940 2556 fidem
987 2487 1417 2578 requirimus,
1465 2512 1642 2579 quae
1688 2490 1758 2557 in
1799 2491 2000 2559 rebus
2031 2491 2426 2581 pervetustis
2466 2489 2614 2559 fere
2658 2511 2743 2574 eo
2771 2487 2967 2573 redit,

591 2655 594 2658 ,
679 2597 812 2660 sut
832 2637 853 2674 ,
904 2612 1081 2679 quae
1123 2603 1500 2677 narrantur,
1551 2615 1773 2682 neque
1813 2617 1940 2686 per
1968 2617 2040 2661 se
2080 2593 2517 2666 incredibilia
2527 2593 2657 2660 sint
2675 2638 2697 2675 ,
2746 2612 2968 2680 neque

730 2691 859 2776 his,
910 2715 1085 2781 quae
1119 2704 1305 2763 certo
1335 2695 1516 2763 facta
1552 2695 1816 2779 scimuS,
1867 2705 2268 2788 repugnent.
2371 2693 2563 2765 Sed
2545 2718 2615 2762 ιιι
2642 2694 2751 2762 his
2777 2692 2967 2784 quod

729 2795 1123 2887 primarium
1168 2807 1303 2882 est,
1370 2807 1629 2868 certum
1669 2798 1947 2887 aliquod
1993 2799 2250 2869 factum
2265 2846 2287 2883 ,
2350 2798 2424 2867 id
2468 2820 2677 2887 quum
2726 2806 2969 2889 sponte
3087 2846 3097 2852 -

729 2896 1143 3018 intelligatur
1169 2911 1239 2967 et
1267 2923 1310 2967 a
1339 2899 1532 2971 certis
1559 2899 1947 2969 hominibus
1979 2910 2049 2971 et
2089 2913 2291 3004 ‚certo-
2323 2910 2635 2994 tempore
2670 2908 2739 2969 et
2775 2910 2966 2971 certo

730 3000 804 3068 in
838 2997 997 3070 loco
1042 3001 1297 3071 factum
1333 3024 1515 3087 esse,
1566 3012 1794 3071 tamen
1822 3005 2020 3076 nulla
2062 3027 2139 3073 re
2180 3004 2396 3096 magis
2436 3028 2592 3075 cum
2630 3004 2743 3087 iis,
2792 3025 2969 3093 quae

731 3123 894 3171 vera
971 3115 1113 3170 esse
1188 3105 1429 3174 scimus
1445 3152 1467 3189 ,
1520 3105 1878 3192 cohaeret,
1960 3131 2166 3197 quam
2245 3108 2386 3193 loci
2465 3107 2968 3198 significatione.

731 3205 910 3273 Nam
936 3203 1244 3274 homines
1285 3208 1452 3279 certi
1495 3231 1631 3276 non
1668 3219 1946 3299 possunt
1970 3209 2259 3302 intelligi
2273 3258 2293 3296 ‚
2345 3210 2468 3277 nisi
2492 3211 2611 3300 qui
2634 3219 2970 3279 certarum

731 3307 1037 3400 gentium
1082 3308 1359 3395 fuerint,
1424 3332 1646 3400 eoque
1697 3312 1892 3381 locos
1948 3314 2278 3389 tenuerint
2322 3322 2576 3395 certos3
2653 3321 2968 3405 tempora

732 3420 986 3484 autem.
1011 3432 1096 3480 ex
1141 3411 1339 3482 factis
1386 3411 1637 3486 horum
1687 3413 2041 3484 hominum
2088 3425 2594 3507 computantur:
2660 3416 2846 3484 unde
2912 3416 2969 3483 si

731 3512 868 3585 loci
926 3514 1165 3585 incerti
1222 3525 1406 3602 sunt,
1488 3516 1690 3584 etiam
1744 3528 2010 3589 caetera
2057 3519 2455 3588 labefactari
2515 3540 2786 3588 necesse
2844 3527 2965 3593 est.

734 3616 943 3701 Quod
1004 3618 1093 3702 si,
1143 3629 1219 3690 ut
1261 3642 1468 3713 supra
1513 3619 1941 3707 dicebamus,
2010 3622 2214 3691 etiam
2257 3622 2396 3691 loci
2436 3621 2507 3690 in
2545 3621 2797 3689 fabulis
2834 3616 2972 3690 istis

734 3720 1147 3810 appellativa
1181 3722 1436 3794 habent
1464 3724 1768 3810 nomina,
1819 3724 2172 3813 quomodo
2203 3725 2487 3796 sciemus
2508 3772 2530 3809 ,
2579 3725 2702 3793 ubi
2743 3746 2852 3793 res
2881 3724 2972 3791 il-

732 3821 847 3889 lae
878 3832 1110 3913 gestae
1141 3826 1316 3896 sint?
1364 3828 1615 3898 Tribus
1644 3829 1866 3922 modis
1883 3876 1904 3913 ,
1955 3828 2081 3897 nisi
2117 3828 2343 3897 fallor.
2444 3826 2731 3911 Primus,
2780 3828 2984 3917 isque.

708 3919 1133 3994 'certissimus
1177 3940 1309 4014 est,
1372 3953 1578 4020 quum
1597 3979 1619 4016 ,
1683 3955 1857 4021 quae
1897 3940 2245 4000 narrantur
2259 3979 2281 4016 ,
2329 3930 2478 4020 ipsa
2526 3940 2787 4000 certum
2830 3930 2974 4006 loci

732 4023 1059 4119 indicium
1098 4032 1449 4121 praebent.
1549 4033 1903 4105 Secundus
1920 4082 1941 4119 ,
1994 4057 2208 4124 quum
2263 4032 2429 4122 quid
2475 4033 2662 4123 apud
2707 4025 2972 4102 certum

732 4128 1028 4198 maxime
1054 4134 1392 4223 populum
1418 4136 1835 4206 celebratum
1861 4136 2192 4206 videmus:
2241 4138 2602 4205 verisimile
2636 4145 2734 4206 est
2767 4138 2970 4222 enim,
3031 4197 3034 4202 .

732 4231 832 4301 ibi
862 4231 1121 4322 aliquid
1155 4245 1420 4327 gestum
1449 4262 1590 4309 esse
1605 4287 1626 4326 ,
1678 4241 1799 4310 ubi
1824 4240 2118 4333 plurima
2152 4240 2292 4308 eius
2316 4237 2501 4307 fama
2531 4237 2975 4311 circumfera-

731 4343 861 4404 tur.
964 4336 1233 4422 Tertius
1288 4339 1576 4430 denique
1592 4389 1615 4429 ,
1680 4366 1891 4432 quum
1948 4343 2220 4413 nomina
2246 4343 2577 4414 locorum
2594 4390 2615 4429 ‚
2683 4365 2863 4432 quae
2903 4343 2974 4410 in

733 4436 971 4526 fabula
1022 4449 1209 4544 sunt,
1273 4453 1509 4536 aperte
1550 4444 1641 4517 de
1685 4445 1794 4517 his
1836 4448 2043 4535 locis,
2100 4448 2222 4539 qui
2240 4467 2417 4533 ⁸vere
2467 4446 2987 4546 iis-nominibus
