3325 5317
1338 473 1833 538 PERSIS.
2486 518 2497 525 -
2606 426 2708 541 *91

465 628 850 743 ingenium,
901 647 1093 737 quod
1134 648 1245 719 vel
1277 648 1683 738 imperfecto
1710 670 1925 740 opere
1955 628 2141 716 idem
2170 646 2468 734 efficere,
2520 647 2713 738 quod

467 753 964 846 perfectissimo
980 800 1001 838 ,
1063 751 1408 842 potuerit?

575 892 580 896 ’
672 886 815 957 Sed
845 887 1086 958 clarius
1133 887 1312 959 haec
1340 887 1722 956 elucescent
1759 886 2139 954 inventione
2171 884 2448 953 fabulae
2491 887 2714 955 consi-

467 992 794 1061 deranda.
896 990 1293 1060 Adduxerat
1336 990 1605 1060 cladem
1645 991 2006 1058 Persarum
2048 990 2119 1057 in
2174 1011 2443 1060 scenam
2485 988 2713 1079 Phry-

464 1095 739 1180 nichuS,
793 1093 1012 1176 choro
1040 1117 1227 1180 usuS,
1279 1103 1355 1163 ut
1396 1115 1645 1164 nomen
1683 1093 1960 1161 fabulae
1984 1092 2251 1184 prodit,
2304 1091 2711 1160 Phoenissa-⁴

462 1220 619 1267 rum
666 1197 1059 1277 mulierum3
1126 1197 1645 1286 eunuchumque
1689 1196 2018 1265 adhibens
2034 1245 2054 1281 ,
2138 1196 2256 1286 qui
2314 1196 2385 1263 in
2431 1196 2711 1264 exordio

465 1301 747 1369 fabulae
773 1301 1187 1392 principibus
1220 1301 1501 1371 civitatis
1532 1299 1769 1369 sedilia
1797 1309 2087 1369 sternens
2114 1347 2136 1385 ,
2193 1298 2380 1367 fusos
2420 1323 2461 1366 a
2489 1299 2713 1368 Grae-

466 1406 564 1474 cis
622 1407 862 1473 Persas
921 1414 1222 1487 narraret
1238 1453 1259 1491 ,
1335 1404 1636 1473 similiter
1691 1403 1958 1471 ordiens
1978 1452 1999 1493 ‚
2078 1411 2154 1472 ut
2211 1401 2459 1473 chorus
2523 1402 2712 1495 apud

467 1507 929 1600 Aeschylum,

773 1637 933 1718 τάδ’
982 1638 1136 1717 ἐστὶ
1171 1642 1480 1739 Περσῶν
1524 1641 1675 1716 τῶν
1707 1633 1934 1715 πάλαι
1963 1635 2405 1741 βεβηκότων.
2539 1695 2543 1702 .

463 1779 667 1851 Haec
706 1803 790 1849 ex
840 1779 1112 1852 Glauco
1160 1780 1488 1872 Rhegino
1562 1780 1634 1848 in
1677 1789 2079 1872 argumento
2149 1778 2507 1851 Persarum
2563 1784 2709 1851 Ae-

466 1883 695 1974 schyli
732 1885 944 1953 relata
970 1894 1150 1952 sunt:
1200 1906 1329 1953 nec
1373 1893 1646 1975 praeter
1688 1882 1867 1953 haec
1896 1883 2270 1973 quidquam
2287 1931 2308 1968 ,
2359 1884 2551 1975 quod
2582 1885 2711 1952 ali-

465 2009 676 2077 quem
717 1987 836 2059 hic
882 2010 1075 2056 usum
1113 1986 1400 2074 habeat,
1455 2009 1539 2055 ex
1584 1987 1983 2078 fragmentis
2020 1987 2199 2055 illius
2238 1989 2516 2058 fabulae
2559 1990 2710 2061 col-

460 2090 595 2182 ligi
644 2098 889 2182 potest.
992 2091 1333 2160 Eamdem
1393 2112 1541 2158 rem
1589 2112 1800 2179 quum
1845 2099 2003 2182 post
2043 2090 2511 2182 Phrynichum
2558 2094 2763 2175 Ae-:ff

323 2221 346 2263 x,
463 2192 743 2283 schylus
782 2190 1275 2286 aggrederetur
1290 2241 1313 2279 ,
1386 2203 1660 2286 poterat
1705 2191 1823 2265 hic
1836 2242 1858 2280 ,
1920 2193 2058 2263 sive
2112 2193 2303 2284 quod
2365 2197 2428 2264 ei
2482 2194 2713 2286 Phry-

463 2296 657 2367 nichi
711 2297 949 2366 fabula
1007 2296 1399 2389 displiceret
1413 2346 1434 2383 ,
1501 2298 1641 2368 sive
1701 2320 1788 2365 ne
1849 2296 2042 2386 sequi
2092 2299 2289 2366 illum
2346 2299 2713 2386 videretur,

461 2402 741 2493 prorsus
786 2401 989 2469 aliam
1025 2401 1204 2469 viam
1248 2401 1453 2481 inire3
1520 2409 1797 2493 poterat
1841 2402 2044 2483 etiam
2061 2447 2082 2485 ‚
2160 2402 2430 2470 servatis
2444 2451 2466 2488 ‚
2534 2425 2713 2493 quae

465 2514 651 2574 recte
706 2504 1084 2572 instituisset
1136 2502 1564 2593 Phrynichus
1579 2553 1601 2590 ,
1683 2511 1941 2572 mutare
1954 2552 1976 2590 ,
2057 2526 2235 2593 quae
2277 2505 2494 2572 minus
2551 2514 2714 2596 apta

467 2629 613 2677 esse
654 2609 950 2676 sentiret.
1051 2606 1138 2675 ld
1184 2629 1349 2676 vero
1387 2607 1593 2676 fecit:
1660 2628 1841 2697 quae
1883 2629 1990 2685 res
2043 2616 2111 2676 et
2153 2608 2319 2698 ipsi,
2373 2617 2442 2677 et
2483 2607 2715 2698 Phry-

465 2711 678 2781 nicho
716 2710 907 2780 laudi
948 2717 1079 2779 est:
1126 2711 1295 2802 ipsi,
1344 2709 1537 2801 quod
1575 2731 1717 2781 non
1731 2758 1754 2796 ,
1804 2719 1882 2778 ut
1921 2711 1992 2778 in
2029 2710 2436 2800 quibusdam
2462 2712 2713 2781 fabulis

468 2813 837 2905 Euripides
855 2863 876 2899 ,
927 2836 1104 2883 nova
1154 2815 1324 2907 aptis
1364 2815 1719 2905 praetulit3
1784 2814 2182 2904 Phrynicho
2198 2864 2220 2901 ,
2273 2814 2464 2904 quod
2511 2815 2713 2884 huius

467 2917 796 2995 iudicium
824 2917 913 2986 ab
956 2939 1219 2986 summo
1254 2926 1468 3010 poeta
1489 2919 1960 2988 confirmatum
2009 2918 2334 2988 videmus.
2438 2918 2716 2988 Conve-

466 3030 713 3091 nerunt
750 3030 973 3090 autem
1016 3023 1220 3090 ambo
1262 3022 1333 3089 in
1361 3044 1446 3090 eo
1466 3069 1487 3106 ,
1538 3020 1731 3112 quod
1757 3044 1906 3091 rem
1954 3036 2092 3092 nen
2125 3046 2166 3090 a
2209 3022 2493 3092 Graecis
2510 3071 2533 3109 ,
2589 3020 2714 3093 sed

464 3147 511 3192 a
538 3125 754 3193 Persis
769 3172 791 3207 ,
831 3146 1067 3217 neque
1092 3126 1162 3193 in
1201 3125 1494 3196 Graecia
1509 3172 1531 3210 ,
1582 3125 1705 3194 sed
1744 3126 1813 3192 in
1853 3127 2085 3194 Persia
2138 3127 2289 3218 geri
2335 3127 2712 3217 voluerunt.

463 3226 905 3319 Magnopere
952 3227 1131 3296 enim
1172 3229 1520 3299 falleretur
1533 3277 1554 3315 ,
1603 3228 1726 3320 qui
1763 3238 2035 3319 putaret
2048 3278 2070 3315 ,
2120 3230 2338 3322 aptius
2384 3228 2717 3301 celebrari
2758 3308 2791 3313 L,

463 3330 780 3401 virtutem
811 3329 1237 3402 Graecorum
1274 3332 1576 3424 potuisse
1591 3381 1613 3418 ,
1661 3332 1719 3400 si
1744 3333 1876 3424 ipsi
1905 3334 2195 3402 feliciter
2230 3333 2500 3403 hostem
2543 3355 2674 3426 pro
2687 3371 2714 3385 -

321 3518 334 3523 ‚
464 3432 777 3527 fligantes
824 3436 896 3503 in
958 3457 1229 3506 scenam
1278 3446 1495 3505 essent
1539 3434 1926 3506 introducti.
2027 3439 2207 3506 Nam
2258 3447 2336 3508 ut
2388 3438 2463 3504 id
2514 3458 2714 3522 nunc,

463 3540 666 3607 rebus
704 3538 833 3607 illis
878 3560 962 3608 ex
1005 3546 1332 3609 vetustate
1368 3539 1882 3609 admirationem
1930 3549 1998 3608 et
2046 3540 2253 3610 veluti
2297 3541 2714 3641 sanctitatem

465 3640 769 3733 adeptis,
819 3650 1004 3712 recte
1041 3643 1272 3729 fieret,
1338 3652 1408 3711 at
1450 3643 1829 3733 Phryniehi
1871 3643 2336 3734 Aeschylique
2380 3665 2547 3711 aevo
2589 3643 2715 3729 illi,
2754 3651 2761 3656 ’

468 3744 588 3833 qui
624 3747 867 3816 Persas
912 3745 1265 3838 fugarant,
1332 3769 1471 3816 non
1497 3757 1835 3838 poterant,
1884 3757 2096 3816 semet
2140 3747 2301 3838 ipsis
2345 3746 2714 3839 spectanti—

465 3847 593 3917 bus
606 3897 628 3939 ,
678 3849 820 3918 sine
851 3849 1229 3919 offensione
1273 3849 1344 3917 in
1379 3872 1653 3921 scenam
1691 3850 2006 3942 produci.
2109 3851 2415 3920 Tametsi
2461 3851 2538 3921 id
2582 3851 2715 3919 mi-

468 3973 593 4020 nus
640 3951 923 4022 fortasse
977 3962 1075 4022 est
1123 3954 1487 4025 ridiculum
1503 4004 1524 4042 ,
1606 3977 1817 4044 quam
1868 3954 2202 4022 videbitur
2259 3977 2421 4024 esse.
2536 3957 2717 4024 Nam

469 4054 721 4124 chorus
773 4055 1054 4145 quidem
1099 4055 1524 4126 Graecorum
1581 4081 1720 4126 non
1740 4058 2042 4147 ,multum
2108 4058 2448 4129 habuisset
2491 4057 2716 4127 offen-

468 4157 702 4245 sionis,
750 4168 829 4226 ut
867 4183 1006 4228 non
1038 4183 1120 4229 ex
1166 4160 1362 4230 certis
1396 4170 1465 4228 et
1499 4162 1673 4231 notis
1702 4163 2006 4252 personis
2036 4171 2378 4249 constanS,
2430 4162 2550 4232 sed
2578 4183 2715 4253 pov
2756 4194 2763 4197 ·

471 4263 619 4352 puli
656 4263 940 4332 universi
968 4265 1191 4334 vicem
1226 4265 1566 4334 sustinens.
1670 4268 1767 4335 At
1814 4287 1988 4357 opus
2034 4275 2180 4336 erat
2215 4267 2418 4337 etiam
2466 4267 2717 4336 actori-

474 4364 602 4434 bus
649 4367 1064 4458 singularum
1106 4367 1435 4458 partium:
1516 4368 1634 4459 qui
1677 4369 1732 4438 si
1779 4380 1991 4442 certas
2029 4380 2098 4439 et
2150 4379 2344 4442 notas
2390 4390 2712 4461 personas

482 4469 803 4563 egissent,
868 4470 1080 4541 veluti
1124 4471 1661 4565 Themistoclem
1701 4473 1815 4545 vel
1848 4473 2349 4567 Emybiadem,
2411 4471 2487 4541 id
2547 4493 2707 4544 vero
