3325 5317
489 1363 685 1498 DE
821 1375 1626 1504 AESCHYLI
1766 1412 2463 1505 GLAvcls

813 1599 1942 1693 DlssERTATlo
2035 1603 2141 1717 *).

1265 1899 1685 1914 ψ

351 2160 634 2267 Isaacus
685 2193 1122 2265 casaubonus
1141 2238 1175 2282 ς
1241 2218 1455 2285 quum
1502 2197 1829 2290 Aeschyli
1880 2199 2225 2269 Glaucum
2272 2195 2654 2267 Pontica-8

309 2295 502 2369 'sem
572 2321 710 2368 non
783 2299 994 2368 semel
1062 2324 1104 2367 a
1165 2293 1500 2370 veterib'us
1576 2302 2097 2372 commemorari
2173 2302 2602 2386 meminisset,

355 2409 489 2473 nec
539 2400 1043 2488 recordaretur,
1092 2403 1317 2471 Pontii
1345 2426 1623 2494 quoque
1644 2407 1912 2476 Glauci
1942 2405 2285 2477 interdum
2310 2404 2605 2474 mentio-

262 2519 275 2528 '
356 2501 518 2577 nem
560 2507 745 2593 fieri,
826 2506 1015 2598 apud
1061 2505 1490 2576 Athenaeum
1530 2510 1655 2578 ΠΙ.
1715 2532 1788 2601 p.
1832 2509 1956 2578 87.
2019 2511 2106 2579 A.
2171 2513 2248 2581 ἐν
2294 2511 2611 2581 Ποτνιεῖ

357 2603 667 2706 Γλαύκῳ
694 2632 826 2701 pro
859 2615 936 2684 ἐν
973 2608 1273 2703 Ποντίῳ
1302 2606 1606 2707 Γλαύκῳ
1640 2612 2073 2684 scribendum
2107 2611 2379 2683 censuit.
2461 2609 2607 2680 Cu·-

356 2715 466 2783 ius
508 2736 807 2783 errorem
857 2714 974 2803 qui
1016 2714 1270 2783 notavit
1283 2762 1303 2799 ‚
1366 2715 1565 2784 Ianus
1609 2717 2014 2809 Rutgersius
2056 2717 2127 2784 in
2170 2715 2331 2785 Var.
2384 2715 2608 2786 Lectt·

355 2817 450 2885 11.
483 2815 554 2885 6.
584 2842 657 2909 p.
687 2815 807 2887 92.
845 2817 1280 2886 scholiastam
1306 2818 1689 2911 Euripidis,
1741 2822 2141 2912 scriptorem
2185 2819 2363 2887 vitae
2390 2818 2607 2903 Arati,

357 2920 769 2992 Strabonem
805 2920 1371 3009 Athenaeumque
1411 2934 1723 2994 auctores
1753 2928 2104 2995 nominans
2118 2972 2140 3009 ‚
2190 2924 2340 3015 ipse
2379 2922 2610 3014 negli-

356 3025 635 3118 gentiae
688 3023 1284 3116 reprehensionem
1326 3028 1484 3095 tulit
1533 3031 1624 3099 ab
1659 3030 2020 3099 novissimo
2068 3027 2331 3098 editore
2381 3025 2610 3096 Athe-

361 3129 519 3198 naei
533 3178 555 3216 ,
602 3130 841 3199 iniuria
858 3177 879 3215 ,
931 3129 1172 3200 saltem
1211 3131 1403 3217 quod
1457 3132 1547 3201 ad
1591 3134 1800 3201 vitam
1836 3132 2055 3221 Axati,
2083 3132 2314 3201 attinet
2328 3178 2349 3216 ,
2400 3151 2610 3220 quam

360 3231 517 3318 hic,
579 3232 771 3322 quod
823 3233 1073 3319 miror,
1137 3232 1395 3302 nullam
1450 3258 1523 3304 se
1567 3260 1764 3307 nosse
1814 3235 2079 3321 scribit,
2143 3235 2215 3303 in
2269 3257 2405 3324 qua
2459 3235 2608 3302 Ae-

365 3335 591 3427 schyli
627 3336 933 3406 Glaucus
990 3346 1439 3421 memoretur;
1515 3363 1645 3412 nec
1700 3341 1792 3410 de
1850 3339 2217 3409 scholiasta
2259 3336 2609 3429 Euripidis

359 3440 552 3510 litem
590 3462 903 3509 moveam
943 3441 1313 3532 Rutgersio
1327 3492 1348 3528 ‚
1414 3445 1534 3533 qui
1591 3455 1708 3514 aut
1764 3444 2094 3513 ineditum
2157 3443 2390 3513 citasse
2405 3489 2426 3526 ,
2493 3448 2611 3508 aut

360 3546 608 3613 vitioso
642 3543 886 3615 codice
926 3544 998 3613 in
1031 3545 1295 3613 Phoen.
1340 3545 1566 3616 1229.
1613 3547 1908 3640 (1201.)
1940 3570 2096 3616 usus
2130 3545 2414 3615 videtur.
2464 3539 2612 3611 Sed

363 3647 504 3716 iam
561 3656 715 3716 ante
756 3647 1197 3740 Rutgersium
1246 3649 1524 3721 Paullus
1586 3651 1990 3744 Leopardus
2043 3647 2428 3718 Emendatt.
2485 3645 2608 3714 xl.

366 3749 492 3819 24.
530 3760 598 3821 ct
633 3745 754 3820 25.
854 3751 1283 3820 Potniensem
1317 3754 1661 3826 Glaucum
1700 3782 1741 3824 a
1779 3755 2024 3824 Pontio
2060 3749 2610 3845 distinguendum

367 3877 514 3923 esse
554 3863 941 3943 monuerat,
991 3878 1130 3925 non
1172 3856 1404 3949 inepte
1455 3857 1688 3930 Ovidii
1722 3860 1942 3928 verbis
1987 3859 2058 3927 in
2096 3855 2294 3925 Ibide
2338 3878 2400 3924 v.
2433 3849 2607 3922 557.

362 3980 550 4027 usus:

572 4096 1005 4166 Potniadum
1040 4119 1316 4167 morsus
1359 4097 1650 4185 subeas,
1703 4108 1783 4169 ut
1828 4098 2152 4171 Glaucus
2168 4146 2189 4184 ‚
2243 4117 2607 4189 equarum,

673 4201 882 4295 inque
908 4201 1134 4272 maris
1168 4203 1395 4273 salias
1413 4251 1433 4289 ‚
1498 4203 1822 4275 Glaucus
1855 4212 1933 4274 ut
1963 4205 2186 4288 alter,
2239 4222 2491 4294 aquam,

450 4471 514 4552 *)
557 4471 734 4536 Edita
774 4485 870 4537 est
923 4496 975 4536 ι.
1024 4482 1206 4546 1812.
