3325 5317
345 1523 523 1613 DE
671 1522 1485 1659 METRORVM
1638 1482 2580 1637 Qvo'RvMDAM

590 1684 1287 1776 MENSVRA
1419 1685 2330 1778 RHYTHMIGA
2431 1822 2435 1829 ι

892 1854 1856 1957 DISSERTATIO
1933 1856 2044 1973 ἢ.
2168 1956 2177 1965 ,

335 2411 471 2521 Ex
514 2474 657 2543 quo
702 2460 1074 2524 metrorum
1119 2451 1397 2525 scientia
1431 2452 1547 2523 ad
1599 2453 1813 2522 iustae
1834 2438 2201 2523 doctrinae
2249 2451 2631 2526 rationemss

338 2558 647 2627 revocari
677 2558 925 2650 coepta
970 2567 1105 2644 est,
1159 2581 1243 2628 ex
1281 2558 1620 2644 omnihus,
1674 2559 1793 2647 qui
1836 2557 1925 2625 ad
1955 2556 2136 2625 hanc
2179 2579 2320 2624 rem
2363 2556 2583 2625 studia

338 2682 459 2729 sua
505 2661 967 2750 contulerunt,
1030 2685 1233 2731 nemo
1276 2662 1341 2732 ei
1394 2662 1606 2730 maius
1643 2661 2127 2731 incrementum
2142 2709 2165 2747 ,
2229 2683 2384 2728 mea
2428 2660 2586 2750 qui-

339 2762 505 2832 dem
525 2766 884 2852 sententia,
936 2766 1188 2854 attulit,
1240 2788 1446 2856 quam
1472 2764 1841 2852 Seidlerus,
1891 2765 2194 2834 versibus
2216 2761 2583 2834 dochmia-

340 2866 437 2936 cis
495 2869 865 2940 accuratius
928 2869 1360 2961 explicandis.
1493 2868 1669 2955 Alii,
1748 2868 2007 2938 maiora
2064 2868 2387 2960 professi,
2468 2867 2583 2936 vel

336 2970 547 3063 plane
584 2973 1019 3064 destituerunt
1059 2996 1267 3063 quam
1314 2972 1616 3046 fecerant
1659 2995 1853 3064 spem
1867 3020 1891 3059 ,
1955 2972 2070 3042 vel
2123 2973 2290 3060 alia,
2374 2994 2582 3061 quam

339 3096 518 3164 quae
552 3077 1113 3169 exspectabantur
1126 3126 1146 3163 ,
1214 3076 1287 3144 in
1328 3078 1630 3148 medium
1675 3079 1976 3147 attulere.
2089 3077 2199 3145 Ex
2245 3075 2486 3166 quibus
2526 3074 2582 3142 si

341 3180 459 3267 qui
500 3202 753 3272 nuper,
805 3178 1289 3250 recentioribus
1328 3181 1547 3274 magis
1601 3202 1810 3270 quam
1855 3180 2137 3251 Graecis
2172 3179 2407 3247 litteris
2446 3178 2573 3251 im-

339 3282 524 3369 buti,
593 3284 987 3375 nullamque
1035 3284 1162 3352 nisi
1208 3284 1460 3376 ingenii
1515 3282 1602 3351 ad
1660 3292 1913 3376 negata
1975 3283 2253 3352 animosi
2299 3281 2580 3350 laudem

342 3394 667 3456 sectantes
686 3435 708 3473 ,
758 3410 969 3478 quum
1015 3388 1371 3479 aequalem
1398 3388 1660 3481 pedum
1698 3410 2079 3458 mensuram
2119 3387 2400 3456 Graecis
2429 3384 2581 3463 vin-

347 3487 575 3559 dicare
621 3492 1056 3578 conarentufr,
1124 3491 1238 3560 vel
1281 3491 1477 3561 editis
1522 3491 1788 3584 maguis
1830 3492 1919 3560 de
1958 3516 2034 3561 re
2076 3489 2355 3560 metrica
2379 3489 2580 3558 volu-
2714 3502 2720 3509 '

345 3592 653 3680 minibus,
701 3596 816 3664 vel
842 3596 914 3664 iu
944 3594 1168 3664 diariis
1205 3595 1606 3686 quibusdam
1650 3596 2053 3665 asseclarum
2090 3615 2362 3662 suorum
2389 3591 2582 3660 rudi-
2626 3636 2651 3640 ff-

348 3705 573 3765 menta
618 3698 1198 3785 commendantes,
1266 3721 1540 3768 omnem
1594 3698 1954 3791 argutandi
1995 3695 2582 3785 calumniandique

350 3798 716 3870 sollertiam
757 3801 1243 3888 adhibuerunt,
1310 3812 1386 3871 ut
1427 3802 1835 3872 audientiam
1880 3802 2005 3870 sibi
2048 3801 2288 3871 fecisse
2334 3799 2581 3870 crede-

348 3913 608 3991 rentur,
677 3914 985 3975 naturam
1036 3929 1470 3976 numerorum
1524 3907 1594 3974 in
1640 3905 1939 3997 quadam
1987 3904 2286 3997 imagine
2335 3903 2581 3996 imagi—

347 4008 577 4098 nisque
594 4007 902 4102 ¹imagine
934 4011 1228 4104 positam
1256 4010 1609 4080 ostensuri:
1651 4031 1777 4078 nos
1817 4009 2126 4099 quidem,
2176 4007 2358 4079 hanc
2387 4030 2583 4078 com-

348 4134 619 4182 munem
656 4114 956 4184 omnium
1012 4122 1400 4208 reputantes
1452 4112 1910 4186 doctrinarum
1963 4122 2216 4185 sortem
2261 4135 2440 4201 esse,
2504 4118 2579 4182 ut

429 4488 491 4570 ιι)
533 4489 711 4553 Edita
751 4499 844 4553 est
894 4511 949 4552 a.
995 4490 1181 4571 1816.
