3325 5317
694 477 784 539 ao
846 473 963 534 DE
1017 470 1429 536 LEcrnvs
1487 469 2042 549 QvlssvsnAM
2100 453 2849 540 svn'rl'momssvs

698 642 828 719 οὐκ
859 634 1027 719 ἔσθ’
1065 639 1277 726 οὗτος
1315 638 1533 742 α’νήρ,
1587 640 1751 718 οὐδ’
1794 646 2083 719 ἔσσεται
2098 701 2126 735 ,
2181 642 2350 719 οὐδε·
2375 647 2693 745 γένηται.
2745 646 2928 717 Ger-

697 748 960 818 manice
1006 747 1224 834 dicaS,
1277 747 1414 816 der
1457 748 1546 816 ist
1588 748 1817 834 nicht,
1868 750 2019 817 und
2060 750 2248 818 wird
2285 749 2502 817 nicht·
2522 772 2728 841 scyri,
2779 751 2932 819 und

606 850 839 922 '¹4le
887 851 1082 920 nicht
1130 872 1321 941 eeyn.
1424 850 1745 919 Similiter
1786 861 1840 939 ζ.
1884 850 2060 927 201
2108 880 2197 947 μ.
2221 849 2390 920 191.
2444 851 2586 921 Sed
2619 854 2929 946 plerum-

695 979 832 1046 que
884 939 1188 1023 mollitur
1240 952 1419 1022 haec
1475 954 1875 1047 significatio
1891 1003 1940 1078 ’..
2006 965 2083 1024 ut
2145 955 2531 1024 dubitanter
2581 957 2928 1046 loquendo

696 1059 1011 1127 affirmes.
1127 1056 1320 1181 Iliad.
1366 1083 1430 1130 ο.
1476 1056 1648 1126 349.
1704 1054 1940 1132 αὐτοῦ·
1980 1063 2054 1131 οἱ
2099 1052 2440 1132 θανατον
2471 1058 2924 1183 μητίσομαι,

699 1159 875 1235 ου’δέ
925 1188 1011 1233 νυ
1064 1153 1198 1232 τόν
1258 1186 1338 1251 γε
1398 1159 1668 1251 γνωτοί
1713 1188 1798 1233 τε
1845 1161 2116 1253 γνωταί
2167 1189 2250 1234 τε
2300 1153 2544 1283 nuptiec
2580 1155 2930 1253 λελοῖχωσι

695 1257 1076 1351 θανόντα,
1147 1254 1332 1336 ἄλλα
1387 1256 1590 1343 κύνες
1639 1257 1938 1359 ἐρύουσι
1984 1257 2131 1359 προ·
2183 1288 2440 1344 αστεος
2498 1261 2931 1360 ἡμετέροισι

696 1366 888 1457 quod
913 1364 1156 1434 eadem
1197 1365 1420 1456 figura
1451 1365 1856 1435 Germanice
1894 1365 2112 1450 dicas,
2179 1368 2284 1436 sie
2319 1366 2542 1435 sollen
2580 1368 2703 1435 ihu
2742 1367 2932 1435 wohl

694 1469 891 1538 m‘cht
931 1466 1295 1537 bestatten.
1399 1466 1516 1538 Sic
1557 1491 1722 1537 vero
1765 1467 1940 1536 illud
1974 1468 2491 1562 intelligendum
2537 1480 2682 1566 σοι,
2720 1472 2929 1543 ἔσσε-

695 1600 826 1645 ται
868 1567 1107 1668 ἦμαρ,
1163 1566 1287 1643 ὅτ’
1332 1568 1424 1648 ἄν
1467 1567 1637 1644 ποτ’
1689 1565 1915 1667 ὀλώλῃ
1951 1569 2176 1653 Ἴλιος
2216 1564 2373 1666 ἱρή,
2424 1570 2617 1640 Iliad.
2661 1578 2722 1646 ὃ.
2759 1569 2932 1639 164.

696 1682 751 1761 ζ.
809 1672 982 1742 448.
1026 1682 1102 1740 ιιι
1144 1695 1227 1741 ex
1270 1672 1500 1763 priore
1553 1674 1974 1765 potissimum
2031 1675 2190 1746 loco
2242 1674 2654 1766 intelligitur.
2773 1675 2932 1744 Alia
3075 1679 3079 1683 ”

696 1777 1014 1868 exempla
1052 1775 1210 1845 vide
1254 1775 1452 1843 Iliad.
1512 1805 1577 1869 y.
1629 1775 1753 1846 54.
1787 1775 1967 1851 417.
2017 1783 2084 1851 λε
2122 1774 2292 1846 386.
2336 1776 2510 1845 431.
2550 1789 2604 1862 ξ.
2647 1774 2820 1846 235.
2866 1803 2931 1850 σ.

695 1879 870 1948 308.
920 1907 982 1969 χ.
1015 1877 1188 1946 244.
1216 1873 1388 1945 505.
1448 1878 1586 1952 Ο(1.
1634 1884 1695 1954 δ.
1726 1879 1900 1954 389.
1932 1908 1993 1952 κ.
2030 1876 2203 1949 507.
2239 1907 2302 1953 σ.
2336 1876 2508 1948 265.
2610 1881 2730 1951 Sic
2762 1903 2930 1974 pos—-

694 1983 779 2051 sis
823 1982 1444 2073 etiam‘intelligere
1477 1980 1554 2064 ὅς
1580 2011 1701 2056 κεν
1726 1985 1883 2079 ἔῃσι
1918 1992 1986 2053 et
2019 1977 2254 2053 similia
2283 1982 2481 2056 Iliad.
2530 1991 2601 2078 β.
2635 1981 2808 2052 365.
2845 2004 2927 2076 ψ.

696 2085 869 2154 344.
912 2083 1051 2157 Od.
1086 2089 1143 2159 δ.
1178 2081 1352 2153 756.
2943 2143 2946 2150 .

900 2178 1306 2257 Perventum
1348 2195 1450 2256 est
1498 2187 1588 2256 ad
1635 2189 2030 2279 optativum.
2132 2189 2272 2259 Hic
2324 2188 2568 2258 modus
2610 2189 2931 2278 quoniam
3019 2209 3024 2220 “

556 2283 561 2290 ’
694 2316 778 2363 ea
819 2292 1105 2377 indicat,
1172 2314 1353 2380 quae
1392 2292 1462 2359 in
1508 2290 1655 2359 sola
1703 2293 2117 2386 cogitatione
2167 2293 2388 2384 posita
2433 2302 2620 2379 sunt,
2683 2314 2810 2383 per
2860 2314 2933 2359 se

690 2396 952 2465 nullam
994 2395 1267 2464 omnino
1316 2394 1532 2462 habet
1579 2397 1902 2485 temporis
1944 2397 2502 2489 significationem
2519 2443 2541 2481 ‚
2623 2396 2745 2463 sed
2798 2416 2932 2486 pro

693 2502 1015 2590 cuiusque
1055 2499 1197 2568 loci
1239 2497 1623 2568 conditione
1646 2513 1651 2518 ·
1671 2499 1784 2566 vel
1837 2499 1927 2566 ad
1970 2502 2409 2590 praeteritum
2452 2510 2754 2590 tempuS,
2816 2497 2933 2567 vel

691 2604 785 2674 ad
813 2626 1126 2694 praesens
1143 2650 1164 2686 ,
1215 2602 1329 2670 vel
1366 2600 1455 2669 ad
1492 2601 1792 2668 futurum
1829 2602 2137 2671 refertur.
2240 2602 2436 2671 Iliad.
2467 2628 2530 2675 ν.
2570 2601 2741 2670 343.
2787 2628 2933 2694 μα-

693 2711 786 2780 λα
830 2732 952 2779 κεν
996 2697 1528 2826 θρασυκαρδιος
1582 2705 1732 2798 εἴη,
1806 2702 1882 2783 ὃς
1925 2698 2100 2777 τότε
2142 2698 2531 2802 γηθήσειεν
2565 2698 2735 2778 ἰὸων
2775 2697 2930 2776 πό-

695 2833 871 2895 νον,
927 2802 1088 2890 ovd'
1146 2798 1522 2894 οἷκαχοιτο.
1624 2806 1754 2873 His
1800 2807 2057 2891 verbis,
2109 2830 2283 2895 quae
2332 2807 2431 2875 ibi
2482 2806 2573 2875 de
2616 2829 2693 2875 re
2723 2828 2933 2897 prae-

691 2912 890 2978 terita
922 2906 1266 2992 dicuntur,
1314 2907 1411 2974 uti
1454 2907 1668 2997 possis
1716 2909 1918 2977 etiam
1960 2911 2033 2977 in
2077 2931 2154 2977 re
2178 2917 2528 3001 praesente
2579 2920 2647 2979 et
2686 2910 2931 2979 futura.

691 3013 799 3084 lta
841 3012 955 3096 fit,
1007 3019 1085 3078 ut
1127 3019 1196 3078 et
1236 3009 1411 3078 illud
1455 3008 1545 3078 de
1592 3010 1822 3079 futuro
1852 3023 2036 3082 recte
2073 3013 2354 3098 dicatur,
2406 3013 2602 3082 Iliad.
2650 3041 2729 3084 ω.
2753 3010 2929 3080 619.

696 3106 952 3192 ἔπειτα
991 3139 1111 3185 κεν
1143 3108 1324 3186 αὖτε
1349 3111 1564 3207 φίλον
1591 3119 1820 3188 παῖδα
1847 3114 2235 3188 κλαίοισθα
2255 3166 2276 3205 ,
2330 3125 2399 3183 et
2434 3115 2575 3188 hoc
2607 3116 2697 3184 de
2721 3138 2929 3207 prae·-

692 3219 891 3287 terito
934 3215 1130 3297 Iliad.
1179 3243 1245 3310 y.
1289 3214 1465 3284 453.
1519 3241 1604 3288 ου
1650 3218 1788 3309 μὲν
1821 3244 1961 3314 γαρ
2007 3211 2345 3316 φιλότητί
2380 3215 2454 3310 γ’
2499 3211 2928 3306 ἐκεύθανον,

698 3322 773 3394 εἴ
799 3347 910 3402 τις
941 3322 1219 3407 ἴδοιτο,
1271 3340 1402 3410 pro
1431 3340 1554 3402 eo,
1607 3320 1797 3408 quod
1838 3320 2245 3410 plerumque
2290 3320 2427 3390 dici
2466 3321 2673 3407 solet,
2724 3324 2800 3394 εἴ
2817 3347 2935 3402 τις

697 3419 905 3498 εἶδεν.
961 3422 1141 3492 Vide
1182 3449 1261 3494 ευ
1248 3419 1455 3490 31.1·
1497 3419 1666 3494 388.
1714 3449 1777 3517 ρ.
1817 3421 1939 3490 70.
1973 3451 2041 3496 τ.
2073 3423 2195 3492 90.

890 3526 1335 3614 Quamquam
1370 3533 1594 3592 autem
1642 3526 1857 3593 omnis
1898 3528 2182 3618 optativi
2209 3549 2362 3595 usus
2405 3549 2489 3595 eo
2532 3526 2768 3595 redeat
2785 3574 2806 3611 ‚
2857 3536 2936 3594 ut

694 3629 921 3719 quid
901 3653 974 3697 m
1008 3631 1153 3698 sola
1191 3627 1601 3720 cogitatione
1644 3631 1946 3718 positum
1993 3651 2134 3698 esse
2180 3630 2595 3723 significetur
2608 3678 2629 3714 ‚
2701 3640 2932 3699 tamen

550 3793 556 3798 .
693 3733 918 3800 variae
946 3742 1097 3800 sunt
1122 3732 1412 3800 rationes
1441 3729 1804 3821 modique,
1856 3734 2098 3821 quibus
2137 3734 2213 3803 id
2249 3735 2400 3802 fieri
2439 3732 2669 3823 possit.
2771 3731 2933 3800 Ho—

693 3856 847 3903 rum
879 3835 1134 3924 primus
1180 3836 1606 3924 maximeque
1656 3836 1940 3925 simplex
1977 3838 2033 3904 is
2076 3846 2176 3905 est
2190 3884 2212 3922 ‚
2279 3859 2488 3927 quum
2528 3834 2697 3923 quid
2739 3835 2932 3904 nulla

695 3938 829 4005 alia
870 3938 1143 4005 notione
1194 3938 1508 4009 adiuncta
1549 3946 1624 4006 ιιι
1678 3938 1825 4006 sola
1881 3941 2295 4031 cogitatione
2336 3940 2571 4010 fictum
2605 3948 2930 4007 narratur.

693 4040 894 4110 Vtin
921 4063 996 4112 re
1025 4041 1384 4132 praeterita
1411 4037 1794 4114 11.δ.539.
1848 4042 2034 4116 ἔνθα
2064 4069 2184 4115 κεν
2221 4038 2465 4116 ουκέτι
2497 4042 2709 4165 ἔργον
2740 4067 2926 4138 ανηρ

696 4136 1044 4218 ὀνόσαιτο
1090 4137 1506 4235 μετελθών,
1580 4142 1771 4227 ὄςτις
1818 4141 1934 4219 ἔτ’
1985 4143 2295 4242 αβλητος
2354 4144 2476 4217 καὶ
2526 4137 2931 4224 ἀνούτατος

696 4242 850 4328 ὄξει
912 4248 1149 4342 χαλκῷ·
1203 4241 1479 4319 δινεύοι
1557 4273 1747 4320 κατα
1832 4249 2149 4341 μέσσον,
2240 4248 2310 4315 in
2376 4247 2713 4338 praesenti
2788 4243 2931 4316 Od.

662 4367 773 4444 up.
805 4346 977 4416 139
1021 4350 1222 4423 ποῖοί
1248 4346 1316 4421 κ’
1350 4345 1488 4423 εἶτ
1528 4344 1843 4447 Ὀδυσῆϊ
1866 4346 2256 4443 ἀμυνέμεν,
2310 4378 2375 4423 ει
2355 4351 2640 4423 *ποθεν
2670 4350 2929 4442 ἔλθοις

692 4452 762 4520 in
793 4452 1015 4521 futura
1042 4452 1121 4520 11.
1151 4481 1228 4525 ω.
1263 4450 1435 4521 139.
1489 4451 1567 4534 ὃς
1595 4477 1868 4527 αποινα
1896 4453 2151 4549 φέροι,
2204 4452 2324 4526 και·
2349 4477 2604 4548 νεκρον
2634 4476 2925 4545 ayone,
