3325 5317
753 475 887 543 214
967 470 1084 534 DE
1129 465 2149 533 HISTORIAEGRAEGAF„
2199 464 2766 529 Pulmonmls

756 639 918 740 γεία
936 689 961 730 ,
1020 640 1380 727 Micuana,
1444 636 1938 724 Λῦτοσίωνος,
2003 638 2311 708 Vltronei
2360 638 2538 723 filia,
2589 632 2980 735 Εὖρυσθέ-

757 772 884 842 φης
922 754 992 815 et
1032 744 1400 842 Προκλῆς,
1451 744 1846 835 Latipoteus
1890 752 1959 813 et
1992 742 2367 812 Proelutus.
2483 740 2714 810 Etiam
2757 741 2981 810 classis

760 849 1052 934 afflicta,
1101 847 1295 937 quod
1318 842 1695 971 Ιππότης,
1744 846 2082 935 Equitius,
2131 846 2309 913 filius
2338 837 2735 932 Φύλαντος,
2789 829 3037 913 Gen-

758 952 947 1041 tiani‚
997 950 1118 1039 qui
1157 974 1242 1019 ex
1264 944 1672 1043 Ἀντιόχῳ,
1724 950 2107 1037 Pertinace,
2155 970 2372 1040 nepos
2412 954 2555 1015 erat
2587 946 2975 1038 Popliclutk

759 1064 983 1124 vatem
1015 1053 1381 1144 quemdam
1414 1053 1868 1123 interfecisset.
1968 1052 2079 1121 De
2116 1075 2255 1141 qua
2308 1074 2385 1119 re
2424 1051 2776 1119 oraculum
2818 1071 2984 1119 cou-

761 1158 1001 1227 sulenti
1036 1156 1396 1226 Immansio
1438 1179 1833 1247 responsum
1874 1163 1977 1224 est
1990 1203 2012 1240 ‚
2061 1154 2343 1244 Equitio
2376 1152 2468 1221 ad
2509 1152 2752 1224 decem
2781 1175 2982 1220 annos

758 1262 833 1331 in
861 1261 1161 1334 exsilium
1191 1269 1345 1331 acto
1358 1308 1381 1346 ‚
1433 1260 1610 1329 duce
1635 1267 1933 1329 uteretur
1965 1258 2275 1332 triocnlo.
2375 1257 2656 1325 Invento
2683 1250 2980 1349 Ὀξύλῳ,

758 1365 1090 1450 Acutulo,
1155 1360 1727 1459 Ἀνδραίμονος,
1796 1362 2159 1432 Cruentani
2195 1361 2247 1428 f.
2286 1360 2403 1449 qui
2447 1381 2584 1427 uno
2628 1359 2834 1428 oculo
2867 1380 2982 1428 ca-

758 1475 915 1559 ptus
949 1487 1126 1557 equo
1167 1465 1533 1550 insidebat,
1598 1465 1785 1534 exsul
1827 1465 1899 1533 in
1920 1460 2149 1538 Ἦλιν
2162 1512 2184 1550 ,
2249 1463 2625 1533 Palantiam
2642 1509 2664 1545 ‚
2717 1470 2788 1530 et
2828 1460 2986 1530 inde

755 1570 826 1637 in
873 1568 1249 1645 Αἰτωλίαν
1265 1616 1287 1656 ,
1352 1567 1768 1638 Mendiciam
1783 1616 1805 1654 ,
1870 1575 2322 1652 concesserat,
2395 1566 2531 1633 iam
2584 1574 2809 1634 autem
2857 1563 2986 1633 do-

754 1694 944 1742 mum
976 1673 1277 1757 redibat,
1325 1670 1511 1742 hunc
1554 1672 1803 1742 ducem
1831 1671 2125 1760 sequuti,
2176 1671 2481 1763 vincunt,
2532 1667 2983 1756 occiduntque

753 1775 1170 1857 Vindicium3
1246 1775 1375 1866 ipsi
1414 1784 1637 1843 antem
1677 1776 1984 1843 amittunt
2023 1773 2201 1842 filios
2236 1770 2634 1865 Αἰγιμίου,
2683 1770 2984 1854 Exsulta

757 1871 1176 1971 Πάμφυλον
1253 1884 1321 1945 et
1397 1872 1763 1970 Δύμαντα
1781 1932 1809 1967 ,
1887 1876 2374 1969 omnigenium
2436 1883 2505 1944 et
2547 1874 2984 1943 Immersium.

523 2083 538 2102 f
664 1983 748 2046 21
765 1979 1159 2073 Sortitisque
1196 1980 1456 2051 deinde·
1469 1982 2039 2072 Peloponnesum,
2086 1977 2447 2049 lmmansio
2478 1974 2785 2073 ”Apyoc,
2845 1975 2986 2045 Mi·-

754 2104 912 2164 cua3
989 2081 1348 2175 Optimatii
1389 2084 1544 2152 filiis
1601 2083 2123 2176 Λακεδαίμων,
2206 2080 2652 2160 Divilocutia‚
2633 2104 2652 2121 ·
2730 2082 2983 2175 Κρεσ-

755 2179 1030 2282 φόντῃ,
1083 2186 1565 2256 Primoricidae
1580 2237 1601 2275 ‚
1637 2181 2033 2284 Μεσσήνη,
2084 2184 2445 2270 Mediana,
2497 2182 2765 2274 obtigit.
2831 2182 2985 2250 Ho-

751 2311 904 2357 rum
940 2287 1058 2359 hic
1105 2312 1330 2359 sensus
1381 2299 1499 2357 est.
1617 2289 1759 2375 Qui
1798 2298 2135 2380 superstes
2194 2297 2337 2360 erat
2377 2287 2738 2391 exercitae,
2801 2284 2985 2354 novis

756 2392 973 2483 copiis
1015 2401 1252 2464 auctus
1294 2395 1539 2462 iterum
1579 2399 1792 2462 tentat
1836 2393 2414 2512 Peloponnesum-2
2462 2375 2589 2464 seii
2627 2388 2827 2460 dade
2868 2409 2984 2456 ac·-

755 2504 991 2586 cepta‚
1070 2495 1571 2586 fortissimisque
1629 2495 1954 2566 militibus
2007 2495 2260 2564 amissis
2276 2542 2302 2579 ‚
2373 2494 2443 2562 in
2497 2492 2782 2585 regione
2840 2491 2986 2558 altis

648 2693 651 2695 v
750 2599 1087 2667 montibus
1129 2607 1322 2690 septa
1352 2599 1632 2669 classem
1673 2608 1888 2690 parat.
1990 2599 2098 2667 Ibi
2123 2593 2493 2666 moriuntur
2520 2595 2828 2668 homines
2858 2616 2987 2662 no·-

750 2699 1088 2768 bilissimi:
1155 2702 1459 2791 reliquae
1496 2712 1723 2770 tamen
1770 2702 1924 2769 satis
1963 2701 2255 2772 idoneae
2285 2700 2519 2790 adhuc,
2536 2698 2785 2789 copiae
2813 2705 2986 2780 sunt,

752 2824 919 2890 quas
972 2802 1301 2871 nobilium
1355 2804 1628 2872 illorum
1697 2804 1961 2873 claritas
2033 2803 2124 2872 ad
2182 2812 2406 2894 partes
2466 2803 2767 2894 ipsorum
2822 2823 2987 2892 per-

753 2902 1052 2972 duxerat.
1156 2905 1299 2975 Sed
1352 2906 1562 2976 classe
1578 2956 1600 2994 ,
1653 2928 1830 2995 quae
1877 2906 2193 2978 confecta
2235 2915 2411 2990 erat,
2458 2927 2593 2997 per
2616 2912 2987 2996 tempesta·
3086 2951 3095 2956 -

726 3014 889 3082 ,tem
933 3006 1209 3077 disiecta
1225 3056 1246 3094 ‚
1317 3011 1505 3079 cuius
1547 3009 1646 3078 rei
1680 3005 1898 3100 culpa
1942 3009 2360 3080 referebatur
2416 3008 2513 3078 ad
2555 3017 2822 3093 nautas,
2871 3005 2989 3095 qui

752 3117 1135 3200 suspectum
1216 3112 1583 3201 quemdam
1660 3113 2141 3184 interfecissent
2155 3163 2178 3201 ‚
2283 3111 2404 3180 diu
2482 3104 2768 3184 dilatam
2845 3132 2989 3180 esse

755 3211 1272 3302 expeditionem.
1440 3214 1758 3284 Tandem
1785 3263 1809 3301 ,
1937 3216 2232 3286 exsulem
2335 3213 2703 3304 quemdam
2731 3261 2753 3299 ‚
2875 3211 2990 3302 qui

755 3314 970 3385 caede
1040 3325 1430 3408 perpetrata
1500 3319 1790 3386 multum
1848 3328 2131 3412 vagatus
2202 3325 2275 3386 et
2346 3317 2764 3408 mendicatus
2820 3323 2988 3397 erat,

754 3417 968 3488 debili
1037 3429 1184 3492 rate
1263 3419 1511 3489 fretum
1587 3421 1895 3492 traiicere
1977 3422 2275 3501 videntes
2290 3468 2313 3506 ‚
2408 3444 2492 3494 ea
2575 3429 2770 3516 parte
2856 3418 2989 3510 ipsi

647 3562 654 3572 ι
754 3543 1028 3612 quoque
1081 3522 1415 3606 traiiciunt
1428 3571 1450 3609 ‚
1530 3546 1821 3614 eosque,
1902 3549 1945 3592 a
2011 3525 2250 3615 quibus
2316 3523 2555 3594 afflicti
2612 3532 2769 3594 ante
2838 3521 2990 3596 fue-

752 3634 934 3714 rant,
1008 3628 1148 3697 acri
1190 3628 1458 3719 proelio
1498 3627 1802 3699 vincunt:
1862 3628 1933 3696 in
1972 3650 2123 3719 quo.
2156 3628 2280 3700 etsi
2325 3627 2458 3719 ipsi
2495 3648 2779 3716 quoque
2825 3646 2989 3715 par-

753 3735 894 3795 tem
946 3731 1246 3801 omnium
1303 3730 1640 3803 sociorum
1698 3739 1769 3801 et
1830 3734 1950 3821 qni
2022 3731 2312 3802 maxime
2366 3730 2441 3800 in
2498 3732 2647 3808 acie
2701 3730 2986 3812 fuerant,

755 3830 1094 4002 Ξιιιὶιὲιιιιι,
1143 3843 1371 3903 tamen
1408 3835 1699 3914 victores
1748 3835 2078 3907 trifariam
2119 3835 2668 3925 Peloponnesum
2702 3832 2880 3902 inter
2918 3854 2990 3904 se

829 3933 896 3999 vi
944 3935 1081 4003 unt.

955 4135 1231 4209 Deduxi
1280 4140 1458 4213 haec
1513 4165 1596 4213 eo
1615 4190 1638 4229 ,
1702 4165 1840 4234 quo
1888 4143 2228 4218 volebam.
2329 4141 2528 4227 Quae
2579 4142 2639 4216 si
2680 4142 2817 4227 sic,
2892 4139 2989 4210 uti

759 4236 896 4308 dixi
911 4286 932 4324 ‚
1004 4240 1447 4340 intelligenda
1486 4254 1669 4332 sunt,
1732 4248 1976 4320 mirum
2030 4255 2131 4316 est
2147 4293 2168 4331 ,
2237 4243 2331 4316 ad
2372 4268 2590 4335 quam.
2628 4241 2991 4314 exilitatem

754 4349 859 4411 tot
898 4342 1468 4435 splendidissimae
1511 4352 1920 4420 narrationes
1970 4358 2425 4422 extenuentur.
2526 4349 2704 4418 Nam
2757 4356 2835 4416 ut
2878 4347 2989 4414 lo·-

760 4466 996 4518 corum
1037 4450 1308 4519 nomina
1346 4452 1527 4520 omni
1566 4453 1853 4523 fictionis
1888 4453 2265 4548 suspicione
2302 4453 2515 4523 libera
2556 4474 2701 4521 esse
2735 4459 2990 4521 statua-
