3325 5317
1157 518 1817 588 DISSERTATIO.
2509 525 2602 591 65

360 698 675 783 ceperat,
722 687 984 760 herbae
1022 691 1374 766 cuiusdam
1404 702 1718 767 contactu
1754 692 2151 767 reviviscere
2191 703 2260 766 et
2297 693 2368 766 in
2406 703 2600 766 mare

358 795 627 864 desilire
655 794 963 883 vidisset,
1013 805 1285 890 gustata
1325 820 1408 867 ea
1457 798 1677 868 herba
1721 798 1870 891 ipse
1899 820 2174 889 quoque
2211 800 2281 868 in
2311 820 2497 867 mare
2522 821 2599 867 se

356 899 837 991 praecipitasse
851 946 873 985 ,
939 907 1008 968 et
1053 899 1221 968 deus
1260 900 1552 970 marinus
1592 902 1812 972 factus
1866 924 2008 971 esse
2047 900 2447 994 perhibetur
2494 901 2596 993 *).

344 1001 686 1072 Plurimas
716 1001 806 1071 de
845 1022 928 1070 eo
973 1001 1240 1072 fabulas
1278 1003 1489 1073 refert
1526 1003 1918 1075 Athenaeus
1961 1006 2082 1074 lib.
2135 1006 2286 1074 VII.
2311 1026 2385 1095 p.
2417 1001 2593 1083 296.
2657 1062 2665 1070 .

196 1117 201 1122 “
256 1189 260 1195 ¹
356 1126 496 1194 seq.
541 1128 828 1194 quarum
870 1115 1132 1197 partem
1166 1107 1420 1199 repetit
1475 1106 1867 1177 Eustathius
1923 1130 1996 1199 p.
2041 1105 2212 1179 271.
2316 1108 2599 1175 Praeter

354 1205 486 1276 hos
520 1207 676 1276 vide
718 1208 1035 1278 eumdem
1080 1209 1508 1280 Athenaeum
1545 1211 1695 1280 XV.
1741 1234 1814 1303 Ρ.
1854 1209 2030 1283 679.
2078 1211 2164 1280 A.
2215 1208 2597 1278 Philostra-

352 1321 499 1379 tum
529 1312 750 1404 Imag.
798 1311 886 1378 II.
938 1306 1055 1378 15.
1097 1310 1508 1383 Scholiastas
1553 1312 1907 1416 Apollonii
1954 1312 2045 1381 ad
2085 1311 2140 1380 I.
2174 1311 2395 1381 1316.
2445 1313 2599 1381 Eu·-

349 1414 587 1504 ripidis
621 1416 711 1482 ad
741 1413 964 1484 Orest.
989 1409 1163 1484 364.
1263 1417 1568 1485 Tzetzen
1603 1416 1692 1486 ad
1738 1414 2091 1507 Lycophr.
2124 1411 2298 1483 754.
2349 1417 2597 1507 Neque

348 1518 747 1587 scholiastes
788 1517 1134 1608 Euripidis
1175 1518 1267 1587 ad
1311 1517 1534 1589 Orest.
1580 1518 1757 1593 318.
1874 1519 2192 1588 Pontium
2247 1519 2595 1588 Glaucum

351 1643 512 1691 cum
554 1621 894 1689 Potniensi
938 1620 1282 1704 confudit,
1349 1621 1541 1711 quod
1592 1644 1677 1691 ex
1719 1621 1827 1690 his
1882 1623 2023 1691 eius
2064 1622 2285 1690 verbis
2351 1622 2595 1713 colligi

197 1816 201 1819 ‚
352 1724 601 1817 possit.
654 1717 947 1796 Πότνια
985 1718 1190 1804 πόλις
1220 1723 1638 1828 Βοιωτίας,
1693 1723 1874 1799 ὅθεν
1910 1723 1953 1797 ὁ
1981 1723 2308 1805 Γλαῦκος
2335 1728 2587 1818 ὄμμα-

350 1822 477 1925 νής
518 1828 808 1921 γέγονε,
858 1824 978 1898 καὶ
1025 1811 1254 1923 ἥλατό
1302 1828 1399 1908 εἰς
1439 1854 1576 1925 την
1634 1822 2062 1915 θάλασσαν,
2117 1827 2240 1896 sed
2280 1828 2594 1895 mutilum

351 1940 453 1999 est
490 1929 835 2012 scholion,
883 1928 1358 2021 integrandum
1384 1952 1466 1998 ex
1490 1930 1716 2021 Etym.
1757 1929 1860 1998 Μ.
1886 1952 1959 2022 Ρ.
1990 1925 2167 2014 685,
2196 1927 2321 1997 44.
2372 1930 2594 1998 Porro

344 2032 719 2124 attigerunt
773 2030 957 2099 hanc
1020 2032 1325 2100 fabulam
1396 2032 1648 2102 Strabo
1707 2032 1829 2101 IX.
1891 2057 1964 2126 p.
2017 2031 2195 2100 621.
2310 2035 2591 2102 Nonnus

348 2136 551 2204 Dion.
591 2134 780 2203 XIII.
831 2132 953 2202 73.
1018 2156 1091 2226 Ρ.
1132 2132 1325 2220 354,
1393 2134 1517 2208 27.
1566 2135 1847 2205 XXXV.
1892 2129 2016 2204 73.
2084 2157 2157 2226 p.
2206 2131 2400 2221 868,
2714 2210 2716 2213 ⁴

36 2245 37 2250 ’
84 2321 101 2338 ..
214 2265 225 2276 ⁴
348 2239 771 2418 XXQ&
709 2236 841 2338 99.
891 2257 964 2327 p.
1004 2235 1180 2307 996.
1223 2247 1389 2306 extr.
1428 2239 1551 2307 ubi
1594 2261 1808 2328 quum
1849 2261 2008 2307 eum
2039 2247 2238 2307 vocat
2282 2232 2591 2312 πόντιον

36 2307 527 2442 Ἥ
687 2313 1752 2466 Ᾱέθᾳῖσὺοςᾰοτᾶν-οἷρούρης,
1792 2344 2084 2433 respexit
2117 2342 2210 2410 ad
2234 2338 2589 2434 Lycophr.

150 2457 412 2561 χζχχῖ.
450 2441 623 2512 75.
678 2423 878 2536 α’στῳ
925 2439 1249 2524 σύνοικος
1305 2445 1615 2539 Θρῃκιας
1655 2438 2128 2540 Ἀνθηδόνος.
2198 2444 2591 2511 ExLatinis

352 2557 578 2616 autem
620 2546 998 2633 luculenter
1048 2546 1139 2615 de
1184 2546 1455 2614 Glauco
1494 2546 1752 2613 marino
1798 2549 1941 2639 egit
1986 2545 2269 2624 Ovidius
2302 2545 2588 2618 Metam.

36 2649 39 2744 ζ
169 2725 175 2736 „
348 2651 536 2719 xm.
571 2639 745 2718 9⁰4.
781 2670 992 2737 usque
1017 2649 1109 2718 ad
1133 2648 1313 2717 XIV.
1349 2646 1471 2738 69.
1500 2649 1620 2736 qui
1651 2650 1871 2717 obiter
1898 2649 2305 2718 mentionem
2333 2649 2592 2718 fecerat

36 2749 39 2872 3'
352 2754 499 2823 VII.
536 2752 708 2820 232.
743 2774 794 2818 s.
894 2753 1003 2820 Ex
1040 2774 1124 2821 eo
1154 2732 1381 2819 hausit
1409 2753 1803 2820 Ausonius
1782 2776 1853 2821 ln
1893 2751 2195 2822 Mosella
2211 2775 2275 2821 v.
2304 2748 2477 2820 276.
2508 2774 2593 2819 ss.

36 3045 39 3092 ι

348 2859 626 2927 Praeter
671 2854 803 2923 hos
839 2853 996 2924 vide
1055 2854 1339 2946 Statium
1400 2857 1472 2922 in
1522 2854 1753 2922 Theb.
1817 2855 1970 2923 VII.
2041 2851 2226 2929 335.
2273 2878 2460 2945 seqq.
2524 2862 2594 2924 et

294 2955 299 2960 ⁷
348 2962 446 3029 ibi
496 2970 793 3028 veterem
842 2959 987 3026 eius
1043 2958 1478 3048 interpretem
1495 2951 1523 3038 ς’
1611 2967 1757 3025 tum
1815 2957 2170 3050 Hyginum
2221 2957 2363 3030 fab.
2415 2953 2589 3026 199.

324 3062 654 3138 Naturali
710 3060 921 3129 modo
972 3061 1346 3153 explicatur
1400 3060 1634 3129 fabula
1690 3061 1777 3128 ab
1833 3062 2146 3131 Eudocia
2210 3083 2282 3150 p.
2325 3059 2448 3128 98.
2502 3061 2593 3127 ab

350 3164 712 3259 Apostolio
764 3165 1084 3256 proverb.
1138 3164 1258 3233 vl.
1297 3161 1421 3237 32.
1481 3186 1526 3231 a
1567 3163 1993 3255 Palaephato
2039 3189 2101 3235 c.
2151 3162 2275 3237 28.
2328 3187 2372 3231 a
2416 3163 2594 3261 Ful-

355 3271 584 3363 gentio
629 3265 884 3340 11.12.
2586 3309 2591 3316 -

553 3373 702 3441 Iam
743 3367 1070 3458 Aeschyli
1113 3367 1418 3437 fabulam
1467 3368 2012 3459 praestantissimi
2051 3367 2211 3456 viri,
2272 3368 2587 3459 Leopar-

356 3465 517 3561 (lus,
574 3473 1010 3565 Rutgersius‚
1087 3470 1171 3539 M
1175 3494 1464 3556 eursms
1539 3472 1979 3563 Salvagnins‚
2044 3472 2593 3562 Scherpezelius,

348 3578 857 3667 Valckenarius,
948 3574 1394 3645 Ruhnkenius
1460 3577 1890 3668 tragoediam
1974 3576 2178 3645 fuisse
2250 3582 2591 3666 putarunt,

433 3936 492 4015 ⁴¹)
530 3937 701 3997 Post
755 3903 974 3996 editam
1030 3933 1191 3996 hane
1247 3932 1726 3996 dissertationem
1800 3954 1875 3995 ex
1940 3930 2204 3998 Bekkeri
2261 3930 2595 3996 Anecdolis

348 4020 500 4083 haec
543 4030 928 4082 accesserunt
967 4021 1334 4100 fragmenta:
1390 4041 1458 4102 p.
1502 4027 1650 4096 347,
1695 4022 1803 4086 24.

345 4227 395 4289 Ε
564 4228 669 4293 29·
765 4136 800 4205 ὅ
847 4133 963 4220 τὴν
1006 4131 1226 4216 ἀείζων
1270 4135 1546 4219 ἄφθιτον
1587 4133 1753 4203 πόαν
1798 4128 2031 4221 φαγών.

395 4235 423 4287 t
463 4246 522 4291 v.

760 4308 866 4374 καὶ
905 4305 1160 4395 γενομαί
1201 4331 1333 4385 πως·
1367 4312 1480 4391 τῆς
1511 4302 1765 4383 οἶειζῶου
1804 4302 1887 4371 πό
1893 4327 1980 4384 α.ς

36 4409 37 4468 ¹
142 4499 145 4502 .
348 4430 427 4491 Et
468 4453 532 4513 Ρ.
577 4435 640 4504 6,
683 4436 786 4497 21.
832 4424 1289 4512 οἷνθροόποειδὲς
1326 4429 1556 4511 θηρίον
1589 4423 1770 4491 ὕδατι
1812 4431 2043 4503 συζῶν·
2097 4423 2202 4493 ἐπὶ
2242 4427 2357 4491 τοῦ
2395 4413 2594 4487 Παύ-

36 4517 37 4522 ’
347 4540 482 4593 κου,
529 4510 951 4595 ἀναφανέντος
989 4514 1060 4581 ἐκ
1097 4518 1211 4597 τῆς
1248 4512 1596 4597 θαλασσης·
1636 4507 1996 4596 Ἀίσχύλος.

36 4621 41 4728 s
446 4565 699 4673 l'lnnu.
754 4603 1032 4675 0211.
1073 4700 1079 4704 .
2143 4598 2209 4668 E
2265 4623 2290 4632 „
