3325 5317
822 471 1301 535 SERMONIS
1359 470 1845 533 HOMERICI
1894 471 2116 534 DISS.
2158 474 2235 533 IL
2372 517 2379 524 .
2559 476 2648 540 57

413 645 533 729 λΰς
562 644 925 743 ἀνακηκίει
963 649 1206 741 ἵδρως·
1256 639 1367 718 τιὸ
1403 647 1541 738 μέν
1572 673 1655 718 τε
1701 639 1914 738 ζυγόν
1948 642 2105 719 οἷον
2138 640 2387 727 ἐΰξοον
2421 644 2648 742 ἀμφὶς

412 754 640 844 ἐέργει
658 805 686 839 ,
740 750 996 843 ἱεμένω
1046 743 1236 822 κατά
1267 745 1490 821 ὦλκα·
1545 756 1760 840 τεμεῖ
1785 751 1868 822 δέ
1899 776 1986 822 τε
2017 752 2270 822 τέλσον
2308 744 2643 847 α’ρούρης,

410 854 535 925 ubi
583 875 709 922 nec
752 858 963 945 τεμεῖ
1009 874 1137 920 nec
1195 854 1443 943 τέμνει
1489 851 1651 919 ferri
1674 860 1940 942 potest,
2011 875 2094 920 ex
2138 851 2648 921 scholiastarnm

410 956 946 1032 atkiotationibus
990 955 1273 1047 colligas
1321 954 1554 1040 fuisse,
1619 955 1738 1044 qui
1800 954 1990 1050 τεμῇ
2052 956 2360 1047 legerent
2377 1004 2399 1041 ‚
2464 957 2520 1024 is
2571 965 2648 1024 ut
2752 1042 2759 1051 .

411 1070 588 1129 esset
621 1059 1071 1129 coniunctivus
1115 1058 1339 1125 aoristi
1385 1053 1663 1127 secundi
1703 1058 1982 1148 passivi:
2033 1081 2238 1148 qnam
2263 1058 2652 1150 opinionem

408 1165 806 1257 priusquam
841 1163 988 1251 quis
1024 1170 1101 1229 ut
1127 1160 1491 1230 absurdam
1536 1161 1826 1246 reficiat,
1875 1171 2148 1251 reputet
2180 1163 2385 1231 velim
2401 1211 2421 1248 ‚
2474 1186 2651 1252 quae

409 1289 545 1360 pro
591 1290 673 1335 ea
713 1266 850 1335 dici
889 1268 1170 1391 possint.
1272 1263 1428 1333 Alia
1474 1263 1665 1333 modi
1702 1266 1985 1333 mutatio
2029 1275 2130 1334 est
2173 1266 2244 1332 in
2289 1264 2395 1333 his
2453 1267 2533 1334 Il.
2583 1294 2647 1342 ο.

409 1370 538 1439 80.
606 1396 698 1451 ως
749 1365 819 1443 δ’
876 1364 982 1443 ὅτ’
1030 1395 1120 1441 αν
1170 1362 1328 1463 ἀίξῃ
1389 1362 1558 1447 νόος
1610 1363 1900 1463 ἀνέρος,
1967 1365 2043 1448 ὅς
2087 1364 2168 1441 τ’
2216 1369 2332 1442 ἐπὶ
2378 1363 2648 1466 πολλήν

410 1479 630 1568 γαῖαν
686 1465 1125 1571 ἑληλουθως,
1196 1467 1406 1565 φρεσὶ
1468 1469 1944 1566 πευκαλίμῃσι
1990 1465 2250 1568 νοήσῃ,
2303 1469 2468 1545 ἕνθ’
2515 1470 2648 1571 ἤην

411 1576 589 1667 (hoc
637 1577 955 1667 vulgatae
999 1576 1148 1697 εἴην
1187 1572 1714 1665 praeferendum
1757 1573 2056 1663 videtur)
2114 1573 2161 1673 ἢ
2226 1576 2452 1648 ἔνθα·
2513 1601 2649 1668 με·-

410 1670 778 1776 νοινῆσειέ
794 1706 880 1751 τε
913 1670 1165 1750 πολλά.
1271 1676 1561 1745 Wolfius
1603 1697 1690 1746 ex
1713 1676 2087 1745 Aristarchi
2131 1678 2453 1746 sententia
2496 1677 2648 1746 edi-

411 1782 519 1850 dit
560 1775 1020 1878 μενοινήῃσιε
1072 1779 1193 1847 sed
1245 1801 1455 1868 quum
1496 1778 1676 1847 haec
1720 1789 1954 1871 aperte
2000 1782 2331 1852 correctio
2358 1782 2490 1866 sit,
2561 1802 2648 1850 eo

404 1887 562 2006 ipso
612 1885 901 1955 efficitur
916 1932 937 1968 ‚
988 1891 1066 1950 ut
1106 1906 1147 1950 a
1189 1891 1423 1974 poeta·
1444 1884 1819 2003 optativum
1848 1883 2242 1974 profectum
2270 1885 2649 1970 credamuS‚

407 1989 532 2079 qui
568 1988 784 2056 habet
822 1987 1138 2055 idoneam
1175 1986 1501 2055 rationem
1516 2035 1536 2072 ‚
1599 1986 1656 2054 si
1701 1987 1796 2055 sic
1853 1988 2192 2079 intelligas
2212 2037 2232 2074 ‚
2297 1996 2377 2057 ut
2423 1985 2651 2057 subito

406 2092 758 2161 transsilit
795 2112 991 2160 mens
1028 2091 1195 2176 viri,
1248 2091 1369 2182 qui
1401 2090 1640 2158 multis
1668 2089 2032 2160 itineribus
2063 2093 2413 2161 exercitus
2443 2092 2649 2185 cogi-

407 2203 546 2281 tet,
597 2191 852 2287 hicfiu’
880 2195 994 2262 vel
1020 2194 1207 2263 illic.-
1246 2194 1612 2286 possitque
1644 2194 1876 2262 multa
1906 2196 2252 2287 cogitare.

619 2297 765 2366 Sed
800 2298 1012 2366 semel
1054 2307 1239 2365 mota
1282 2299 1698 2385 quaestione
1732 2296 1823 2364 de
1875 2300 2246 2391 mutatione
2283 2297 2648 2367 modorum

409 2425 552 2472 non
589 2410 817 2492 potest
843 2403 1086 2493 regula
1113 2400 1556 2492 praetermitti
1569 2452 1590 2488 ‚
1644 2422 1849 2488 quam
1881 2383 2358 2471 Thierschius
2347 2425 2437 2492 p.
2476 2396 2649 2468 185.

414 2505 703 2598 protulit
717 2552 739 2590 ‚
815 2514 973 2596 post
1027 2504 1433 2595 particulam
1494 2502 1573 2576 δὲ
1632 2524 1882 2572 novam
1942 2504 2190 2573 institui
2251 2513 2651 2573 structuram

412 2632 653 2701 posse,
720 2631 859 2676 non
908 2608 1109 2676 etiam
1154 2616 1313 2699 post
1363 2607 1464 2680 τέ.
1586 2606 1788 2675 Vnde
1851 2607 1971 2675 ille
2016 2614 2087 2701 β.
2143 2606 2314 2676 149.
2360 2630 2442 2676 ex
2490 2606 2653 2681 cod.

409 2713 686 2782 Townl.
732 2710 852 2785 επί
899 2706 976 2784 τ’
1018 2707 1201 2807 ἤμυ’
1273 2711 1396 2802 (ita
1434 2708 1743 2796 volebat)
1794 2706 2317 2801 ἀσταχύεσσιν,
2370 2719 2447 2784 θ.
2478 2709 2651 2779 340.

414 2809 884 2907 ἑλισσόμενον
915 2814 990 2887 δὲ
1019 2808 1332 2892 δοκευει,
1388 2816 1448 2884 λ.
1484 2807 1656 2881 156.
1689 2805 1926 2912 πάντῃ
1964 2811 2064 2904 δ’,
2126 2824 2196 2884 et
2230 2839 2303 2906 p.
2350 2814 2472 2883 20.
2512 2813 2650 2908 Od.

414 2946 493 2992 ω.
544 2917 617 2991 8.
672 2919 1015 3008 ἔχωνται,
1069 2918 1387 3006 quoniam
1430 2918 1669 3007 paullo
1715 2927 1869 2985 ante
1894 2920 2348 3007 ποτέωνται,
2403 2919 2466 2986 ei
2495 2901 2656 3008 pla-

410 3022 646 3106 cebat,
711 3020 1140 3091 scribendum
1187 3030 1430 3090 censet.
1534 3022 1631 3088 At
1668 3022 1881 3113 longe
1933 3022 2065 3088 alia
2107 3030 2208 3089 est
2254 3021 2428 3088 ratio
2445 3070 2466 3106 ,
2518 3044 2655 3111 qua

408 3124 659 3193 harum
705 3146 863 3192 usus
921 3125 1426 3244 particularum·
1462 3126 1532 3192 in
1587 3124 2201 3214 comparationibus
2259 3126 2651 3194 continetur.

408 3229 683 3297 Etenim
720 3228 843 3316 τέ,
913 3228 1049 3296 sive
1089 3227 1275 3296 idem
1289 3275 1309 3312 ‚
1379 3227 1515 3296 sive
1559 3227 1729 3295 alius
1793 3229 2092 3318 sequitur
2148 3229 2340 3297 verbi
2387 3227 2652 3315 modu&

407 3330 596 3402 hunc
647 3341 840 3398 usum
884 3341 1212 3422 praestat,
1288 3339 1373 3420 ,ιιι
1433 3340 1658 3423 partes
1719 3332 2237 3423 comparationis
2289 3334 2659 3423 coniungat

415 3459 561 3521 σεε,
628 3458 801 3525 quae
850 3436 1109 3503 nullam
1162 3435 1334 3502 inter
1393 3458 1468 3503 se
1524 3429 2028 3526 oppositionem
2084 3437 2450 3520 continent,
2532 3435 2655 3504 sed

412 3548 671 3606 tantum
713 3538 848 3605 alia
893 3538 1010 3606 alii
1053 3538 1403 3608 accedunt.
1508 3537 1590 3605 11.
1648 3569 1713 3632 y.
1762 3538 1882 3607 33.
1953 3566 2043 3619 ως
2106 3536 2178 3611 δ’
2234 3536 2361 3611 ὅτε
2405 3535 2515 3617 τίς
2568 3564 2655 3610 τε

417 3635 782 3738 δράκοντα
852 3635 1022 3714 ιδων
1080 3640 1511 3737 παλίνορσος
1565 3638 1843 3738 ἀπέστη
1891 3640 2142 3764 οὔρεος
2230 3645 2305 3712 ἐν
2359 3634 2653 3736 βήσσῃς,

415 3741 559 3817 ὕπο
592 3772 677 3818 τε
718 3737 992 3838 τρόμος
1041 3746 1297 3838 ἔλλαβε
1345 3750 1557 3836 γυῖα,
1613 3743 1725 3839 ἄψ
1772 3773 1817 3817 τ
1892 3737 2383 3863 α’νεχαὶρησενῖ
2430 3738 2657 3838 ωχρός
2715 3820 2720 3826 ,

415 3849 507 3920 τέ
537 3874 669 3939 μιν
714 3847 858 3921 εἷλε
899 3842 1220 3943 παρειάς.
1327 3847 1439 3920 A&
1487 3857 1714 3916 autem
1757 3849 1871 3916 vel
1905 3846 2328 3938 oppositioni-
2363 3847 2656 3932 inservit,

412 3959 492 4018 ut
532 3978 584 4023 ε.
633 3947 804 4022 136.
865 3948 1038 4029 ὤςτε
1096 3952 1391 4025 λε’,οντα
1485 3948 1571 4023 ὅν
1643 3945 1740 4045 ρά
1792 3978 1876 4024 τε
1926 3976 2202 4042 ποιμην
2271 3946 2472 4046 άγρςὸ
2551 3947 2657 4024 ἐπ

415 4047 823 4148 εἰροπόκοις
882 4048 1155 4126 ὀΐεσσιν
1167 4045 1482 4180 χραύσῃ
1545 4056 1682 4158 μέν
1731 4049 1808 4126 τ’
1860 4049 2079 4149 αὐλῆς
2130 4048 2656 4149 ὑπεράλμενον,-

416 4151 586 4228 οὐδὲ
636 4149 1005 4278 δαμάσσῃ·
1060 4155 1197 4228 τοῦ
1235 4156 1373 4247 μέν
1418 4182 1501 4228 τε
1544 4147 1803 4236 σθένος
1853 4181 2140 4278 ωρσεν,
2177 4158 2429 4229 ἔπειτα
2477 4159 2560 4229 δέ
2593 4185 2641 4229 τ

415 4253 507 4329 ου’
519 4251 1042 4380 ”weomadum
1122 4250 1308 4329 άλλοῖ
1363 4284 1552 4328 κατα
1608 4254 1991 4352 σταθμους
2053 4251 2348 4347 δύεται,
2434 4253 2533 4331 τά
2584 4255 2657 4330 ὃ

414 4361 654 4457 ἐρῆμα
704 4366 1071 4482 φοβεῖται.
1124 4386 1197 4433 π.
1249 4357 1420 4429 299.
1477 4388 1566 4441 ως
1609 4357 1683 4434 δ’
1731 4359 1820 4434 ὅτ
1910 4357 2048 4457 οἶφ
2099 4359 2374 4458 ὑψηλῆς
2421 4386 2638 4456 κορυ-
2665 4378 2753 4439 2ο

415 4465 557 4560 φῆς
601 4461 807 4562 ὄρεος
849 4456 1200 4558 μεγάλοιο
1244 4457 1495 4563 κινήσῃ
1535 4491 1840 4563 πυκινην
1878 4466 2183 4562 νεφέλην
2215 4488 2661 4562 στεροπηγε-
