3325 5317
764 456 918 538 ,212
1001 452 1105 515 DE
1138 452 1215 515 R.
1255 449 1642 550 BENTLmo
1677 451 2020 529 ElstVE
2057 453 2430 516 EDITIONE
2466 453 2836 520 ΤΕΒΕΝΤΙῙ

787 625 929 696 Hic
954 621 1291 695 studeant
1332 622 1658 698 exhibuit.
1711 673 1757 711 ,‚
1773 624 1919 693 Nisi
1959 626 2139 695 enim
2172 623 2511 694 studeant
2547 625 2877 719 legeris,“
2926 627 3035 695 in-

790 730 971 819 quit,
1035 728 1328 820 „inepte
1368 729 1649 797 infertur
1694 730 1769 796 in
1816 728 1996 798 hisffl
2066 731 2257 798 Itane
2305 750 2471 796 vero
2492 727 2527 795 Ρ
2588 730 2810 798 Immo
2860 730 3035 799 nihil

788 840 1026 925 putem
1058 830 1606 901 inconsideratius
1656 830 1797 901 dici
1822 834 2141 925 potuisse.
2172 890 2181 896 .
2243 831 2421 900 Nam
2470 831 2525 899 si
2559 833 2786 926 inepte
2823 834 3035 903 infer-

787 946 898 1004 tur
959 936 1033 1003 in
1071 934 1223 1019 ‘hi-s,
1315 934 1440 1003 nisi
1494 935 1829 1004 studeant
1883 934 2321 1027 praecesserit
2337 982 2359 1019 ‚
2437 935 2640 1004 etiam
2693 937 3029 1006 studeant

785 1040 1017 1130 inepte
1052 1037 1377 1107 inferatur
1416 1060 1692 1109 necesse
1745 1046 1878 1124 est,
1948 1040 2070 1107 nisi
2117 1039 2180 1107 si
2234 1038 2571 1130 quiquam
2622 1048 2785 1109 sunt
2828 1063 3065 1131 prae--

787 1140 1076 1213 cesserit.
1179 1142 1418 1233 Pergit
1468 1151 1727 1210 autem:
1776 1189 1821 1226 ‚‚
1841 1141 2214 1234 quisquam
2262 1142 2381 1235 qui
2413 1143 2773 1229 studeant,
2823 1145 3032 1235 plane

785 1254 927 1331 „ut
950 1244 1130 1314 And.
1161 1243 1282 1312 IV.
1318 1244 1388 1329 1,
1442 1244 1511 1312 3.
1541 1246 1879 1337 cuiquam
1909 1253 1986 1312 ut
2017 1245 2420 1339 gaudeant.
2436 1252 2483 1288 ‘⁶
2583 1248 2805 1317 Recte
2837 1269 3032 1315 sane:

789 1348 915 1417 sed
959 1347 1323 1418 dicendum
1352 1356 1529 1433 erat,
1581 1370 1794 1438 quare
1836 1346 2014 1418 haec
2062 1348 2298 1416 similia
2345 1356 2563 1417 essent
2579 1396 2601 1435 ,
2671 1373 2885 1438 quum
2924 1350 3033 1417 fa-

789 1452 923 1523 cile
968 1451 1411 1520 dissimillima
1461 1451 1679 1521 videri
1731 1452 1991 1543 possint
2004 1501 2026 1538 ,
2091 1451 2146 1520 si
2201 1450 2375 1536 iuter
2413 1474 2486 1521 se
2539 1461 3033 1547 comparentur.

787 1556 906 1627 Sic
952 1555 1144 1625 enim*
1179 1554 1307 1623 ibi:

1099 1707 1392 1778 hoccine
1440 1705 1783 1779 credibile
1831 1716 1957 1778 aut
1999 1705 2495 1795 memorabile,

1098 1817 1307 1879 tanta
1339 1810 1679 1879 vecordia
1731 1813 1979 1881 innata
2029 1813 2358 1904 cuiquam
2400 1819 2479 1880 ut
2520 1812 2674 1898 siet,

1097 1920 1179 1982 ut
1220 1913 1434 1982 malis
1458 1913 1842 2007 gaudeant
1858 1964 1878 2001 ‚
1935 1923 2147 2008 atque
2194 1937 2285 1983 ex
2327 1915 2786 1985 incommodis

1096 2017 1393 2085 alterius
1439 2039 1576 2085 sua
1622 2026 1701 2086 ut
1745 2027 2159 2112 comparent
2201 2019 2594 2087 commoda.

786 2170 948 2240 Non
991 2168 1109 2241 hic
1149 2170 1544 2264 simpliciter
1592 2173 1962 2266 quisquam
1979 2221 2000 2257 ‚
2084 2172 2207 2240 sed
2243 2179 2452 2240 tanta
2491 2172 2865 2265 quisquam
2910 2192 3030 2240 ve-

788 2276 1044 2344 cordia
1087 2282 1674 2344 commemoratur.
1782 2277 1992 2362 Quod
2041 2285 2310 2364 contra,
2379 2277 2441 2344 si
2490 2276 2861 2367 quisquam
2909 2282 3030 2361 est,

786 2380 909 2472 qui
953 2379 1260 2471 placere
1305 2401 1385 2448 se
1424 2379 1762 2448 studeant
1803 2377 2031 2464 bonis,
2097 2378 2311 2447 videri
2358 2379 2588 2469 potest
2633 2379 2728 2450 sic
2774 2378 3032 2449 dictum

786 2506 929 2552 esse
947 2530 968 2568 ,
1018 2492 1094 2550 ut
1121 2484 1240 2568 sit,
1294 2482 1350 2550 si
1387 2479 1743 2573 quisquam
1787 2493 1885 2551 est
1915 2506 2188 2568 eorum,
2241 2483 2360 2572 qui
2398 2482 2675 2574 placere
2719 2506 2792 2552 se
2835 2483 3030 2550 bonis

789 2585 1116 2655 studeant.
1185 2586 1303 2657 Sic
1331 2607 1496 2656 vero
1531 2587 1793 2655 deesset
1831 2611 1989 2680 pars
2030 2587 2405 2655 necessaria
2442 2585 2823 2655 sententiae.
2887 2584 3032 2653 De-

692 2689 990 2761 12beret
1048 2689 1225 2757 enim
1268 2691 1405 2758 tale
1451 2689 1619 2779 qnid
1671 2689 1840 2759 dici.
1926 2690 1982 2757 si
2022 2689 2375 2778 quisquam
2418 2698 2519 2757 est
2558 2711 2830 2774 eorum,
2894 2686 3031 2807 ‘qui

785 2791 1062 2882 placere
1104 2814 1176 2859 se
1225 2793 1538 2861 studeant
1582 2793 1776 2861 bonis
1795 2841 1816 2879 ,
1882 2795 2002 2882 qui
2040 2792 2115 2860 id
2158 2802 2379 2878 recte,
2432 2801 2635 2882 atque
2681 2815 2768 2862 ex
2809 2790 3030 2870 animo

785 2896 1034 2984 faciat,
1099 2895 1155 2964 is
1203 2904 1304 2965 est
1347 2895 1465 2967 hic
1509 2906 1737 2987 poeta.
1841 2895 2021 2982 Sed,
2091 2897 2207 2985 qui
2256 2896 2351 2967 sic
2394 2896 2604 2966 verba
2654 2896 2783 2964 ista
2823 2895 3030 2962 inter-

784 3005 1194 3090 metaretur,
1246 3000 1351 3067 vel
1384 3007 1668 3084 erraret,
1719 2999 1831 3068 vel
1866 3010 2310 3093 argutaretur.
2412 2999 2652 3089 Neque
2682 2998 2862 3068 enim
2900 2997 3029 3066 du-

783 3100 1136 3172 bitandum
1177 3102 1474 3188 videtur,
1541 3103 1706 3192 quin
1747 3113 1932 3173 recte
1978 3103 2147 3171 illud
2191 3103 2455 3174 dicatur
2472 3152 2492 3189 ‚
2542 3102 2606 3172 si
2657 3103 3028 3195 quisquam

786 3210 924 3288 est,
994 3205 1115 3295 qui
1153 3204 1523 3290 studeant,
1591 3215 1677 3273 ut
1710 3206 1785 3273 id
1828 3207 1908 3274 sit
1949 3206 2134 3274 idem
2179 3229 2298 3292 ac,
2373 3206 2436 3275 si
2494 3205 2833 3325 quiquam
2879 3212 3027 3273 stu-

667 3313 680 3322 “
785 3306 979 3392 dent,
1029 3306 1325 3397 ideoque
1366 3308 1606 3399 plane
1623 3297 2005 3428 comparari
2032 3310 2246 3401 possit
2292 3332 2449 3379 cum
2479 3310 2627 3394 illo,
2677 3308 3029 3401 cuiquam,

784 3418 865 3479 ut
902 3409 1303 3504 gaudeant.
1405 3412 1582 3479 Nam
1623 3412 1995 3511 quisquam
2043 3414 2166 3481 etsi
2205 3435 2343 3480 non
2386 3422 2486 3481 est
2521 3434 2770 3481 nomen
2812 3411 3027 3483 colle-

788 3514 1072 3600 ctivum,
1120 3524 1351 3585 tamen
1378 3515 1702 3583 sententia
1733 3524 1808 3582 ut
1838 3517 1922 3583 sit
1949 3502 2304 3610 collectiva
2342 3516 2539 3586 facit:
2592 3538 2798 3605 quam
2827 3516 3028 3607 plene

784 3617 842 3685 si
882 3619 1202 3708 eloquare
1219 3668 1241 3706 ,
1284 3618 1434 3687 talis
1485 3628 1619 3688 est:
1672 3619 1727 3687 si
1778 3613 2130 3709 quisquam
2178 3629 2275 3687 est
2288 3668 2308 3704 ‚
2360 3619 2593 3708 quales
2632 3618 3029 3702 multisunt,

659 3777 664 3786 .
785 3721 907 3808 qui
935 3717 1278 3792 studeant:
1327 3731 1598 3797 tantane
1635 3723 1953 3812 cuiquam
1976 3724 2199 3807 innata
2229 3722 2551 3792 vecordia
2597 3717 2733 3806 est‚'
2784 3729 3029 3812 quanta

785 3831 937 3891 sunt
976 3826 1213 3916 multi,
1274 3835 1349 3894 nt
1392 3827 1584 3894 malis
1624 3826 1989 3919 gaudeant.
2093 3819 2525 3915 Quamquam
2568 3824 2675 3893 his
2719 3826 3026 3894 omnibus
3067 3877 3073 3886 .

784 3923 958 3991 nihil
995 3927 1183 3996 aliud
1225 3929 1518 3999 efficitur
1531 3978 1552 4015 ,
1639 3953 1846 4018 quam
1906 3929 2204 4021 potuisse
2251 3929 2646 3999 Terentium
2692 3928 3028 3997 studeant

788 4026 1099 4099 scribere.
1200 4029 1559 4123 Scripsisse
1589 4055 1754 4102 vero
1774 4081 1794 4118 ,
1847 4033 1965 4122 qui
2008 4032 2374 4124 probabit?
2423 4081 2468 4121 ‚,
2489 4031 2625 4101 Vbi
2656 4030 3026 4115 DonatuS‚“

785 4128 1003 4218 inquit
1018 4178 1039 4216 ,
1117 4179 1161 4221 ‚‚
1176 4153 1337 4201 cum
1378 4136 1679 4205 dixisset
1720 4135 2068 4229 Cuiquam
2087 4185 2109 4225 ‚
2174 4134 2404 4203 intulit
2441 4156 2812 4203 numerum
2851 4134 3024 4226 plu-

787 4233 1113 4319 „ralem.·
1159 4242 1240 4302 ut
1280 4236 1491 4306 alibi.-
1539 4240 1603 4307 si
1647 4240 2020 4332 quisquam
2057 4244 2194 4323 est,
2240 4237 2383 4329 'qui
2408 4238 2714 4330 placere
2754 4259 2835 4306 se
2874 4244 3023 4305 stu-

788 4335 1024 4424 „deat
1081 4335 1296 4406 bonis.
1414 4340 1519 4409 Ita
1573 4341 1854 4431 quidem
1915 4341 2129 4410 hodie
2180 4340 2437 4409 editum
2502 4351 2634 4410 est:
2711 4339 2837 4408 sed
2870 4341 3023 4408 luce
3089 4375 3093 4380 ·

788 4438 1088 4526 „clarius
1129 4448 1265 4540 est,
1328 4439 1673 4513 Donatum
1721 4445 1841 4517 hic
1889 4447 2161 4539 legisse⁴
2190 4442 2565 4514 studeant..
2655 4443 3025 4514 Priscianus
