3325 5317
732 457 866 526 270
961 454 1066 518 DE
1103 455 1180 517 R.
1209 453 1600 518 nmmo
1634 455 1976 533 EIVSQVE
2010 457 2388 523 Rumon:
2422 459 2795 523 'suumn

732 630 1018 715 morari,
1080 635 1159 697 nt
1195 627 1266 696 in
1299 650 1440 719 qno
1479 649 1620 698 non
1661 635 1732 698 et
1772 631 2414 699 tameneoninneta
2450 628 2616 715 sint,
2670 628 2795 698 sed
2840 629 2983 700 dno

735 744 808 805 et
863 734 991 802 sibi
1053 732 1527 824 respondeant.
1653 733 1857 802 Prior
1914 754 2083 801 vero
2145 734 2338 801 locus
2392 732 2594 801 etiam
2635 733 2987 826 redarguit
3086 732 3103 742 ’

737 835 1314 923 emendationem,
1379 859 1590 927 qnam
1633 837 1823 906 feeit.
1916 835 2354 906 Demonstrat
2396 837 2609 923 enim,
2672 837 2797 905 ubi
2849 838 2982 907 diei

733 940 1329 1035 pofflettamen.
1427 941 1558 1009 Est
1596 939 1962 1009 antemhis
1999 941 2255 1009 voculis
2284 962 2423 1008 non
2458 939 2687 1008 nisiin
2726 941 2981 1031 prima-

733 1047 837 1115 ria
871 1043 1197 1113 sententia
1225 1044 1439 1113 locus.
1540 1044 1776 1133 Atque
1818 1043 1962 1112 hoe
2010 1044 2108 1112 ibi
2145 1044 2294 1113 vult
2330 1043 2559 1129 Simo,
2608 1042 2781 1111 nihil
2828 1046 2984 1133 qni—

738 1149 899 1217 dem
947 1147 1225 1216 istorum
1279 1147 1474 1216 illum
1524 1149 1812 1240 egregie
1852 1147 2215 1234 studuisse,
2289 1147 2412 1215 sed
2470 1158 2700 1215 tamen
2754 1148 2979 1215 omnia

734 1251 1166 1322 mediocriter
1180 1298 1202 1336 ,
1249 1250 1293 1318 i.
1336 1275 1398 1324 e.
1442 1262 1769 1342 qnantum
1814 1251 1969 1319 satis
2012 1260 2200 1320 esset.
2309 1251 2517 1340 Atqui
2563 1252 2635 1318 in
2683 1253 2981 1343 prologo

733 1354 913 1424 illud
949 1362 1019 1424 et
1047 1363 1287 1424 tamen
1326 1345 1399 1423 in
1423 1354 1818 1424 secundaria
1854 1355 2176 1423 sententia
2217 1353 2420 1422 foret.
2522 1355 2767 1443 Neque
2804 1356 2979 1424 enim

733 1459 879 1550 hoc
927 1458 1124 1546 dicit,
1178 1481 1324 1527 esse
1352 1458 1630 1548 quidem
1669 1458 1937 1527 fabulas
1962 1459 2117 1526 istas
2145 1480 2285 1527 non
2308 1458 2402 1525 ita
2431 1456 2734 1525 dissimili
2773 1481 2979 1551 argu-

734 1572 967 1633 mento
987 1610 1009 1649 ,
1069 1562 1193 1631 sed
1235 1571 1463 1631 tamen
1508 1563 1816 1630 oratione
1861 1584 1946 1630 ae
1987 1562 2142 1630 stilo
2190 1560 2526 1629 dissimili.
2591 1584 2676 1628 ex
2713 1584 2854 1650 quo
2893 1563 2982 1630 si-

733 1667 882 1738 mul
919 1675 1239 1758 apparet,
1295 1687 1418 1734 cnr
1444 1666 1735 1758 quidem
1775 1665 1869 1733 ibi
1911 1667 2079 1755 poni
2121 1687 2263 1734 non
2299 1663 2632 1756 potueritz
2683 1665 2807 1733 sed
2844 1664 2982 1735 hoe

732 1771 916 1855 vult,
968 1768 1090 1838 etsi
1117 1769 1420 1837 oratione
1449 1790 1532 1836 ae
1560 1770 1719 1836 stilo
1756 1768 2055 1836 dissimili
2100 1768 2267 1854 sint,
2315 1779 2542 1837 tamen
2581 1780 2980 1860 argumento

733 1896 874 1942 non
919 1895 1060 1940 esse
1104 1873 1200 1940 ita
1241 1871 1564 1940 dissimili.
1666 1873 1852 1941 Hine
1904 1872 2129 1964 primo
2183 1896 2372 1957 eam,
2453 1895 2628 1961 qnae
2658 1873 2981 1963 primaria

735 1975 1058 2046 sententia
1103 1984 1239 2062 est,
1305 1976 1523 2044 solam
1562 1976 1785 2066 ponit:
1849 1997 1988 2044 non
2027 1978 2135 2045 ita
2173 1976 2500 2045 dissimili
2548 1983 2713 2043 sunt
2745 1980 2977 2069 argu-

732 2086 987 2149 metito.
1086 2079 1177 2149 Ei
1221 2091 1407 2149 recte
1435 2079 1688 2148 deinde
1728 2079 1975 2165 addet,
2023 2080 2157 2149 sed
2184 2088 2426 2149 tamen
2454 2080 2779 2148 oratione
2820 2087 2978 2148 sunt

732 2182 1095 2269 dissimili,
1148 2205 1288 2273 quo
1330 2183 1646 2276 paullum
1687 2184 2084 2276 restringat,
2150 2184 2340 2273 qnod
2384 2182 2662 2251 dixerat.
2770 2182 2979 2269 Quod

737 2288 794 2356 si
820 2295 889 2356 et
916 2295 1157 2356 tamen
1196 2286 1489 2374 diceret,
1535 2308 1676 2355 non
1706 2287 2141 2380 restringeret
2165 2287 2378 2372 illud,
2429 2287 2552 2354 sed
2593 2287 2803 2377 plane
2839 2287 2991 2356 ele--

671 2399 925 2460 varet
967 2401 1038 2459 et
1081 2391 1383 2476 tolleret,
1434 2391 1558 2459 ut
1537 2413 1675 2459 lam
1709 2413 1847 2459 non
1877 2402 2048 2459 esset
2079 2393 2369 2481 amplius
2396 2390 2810 2481 primarium.
2861 2392 2986 2459 Est

640 2495 919 2566 lflenim
973 2493 1151 2564 illud
1201 2502 1273 2564 et
1328 2502 1569 2563 tamen
1630 2494 1820 2563 idem
1875 2494 2068 2585 quod
2122 2495 2344 2564 nihilo
2394 2494 2643 2562 minus.
2743 2494 2982 2583 Itaque

734 2621 945 2690 quum
984 2598 1119 2667 sed
1165 2606 1407 2667 tamen
1446 2599 1646 2669 metri
1695 2621 1963 2684 caussa,
2031 2606 2102 2667 et
2135 2606 2378 2667 tamen
2431 2608 2655 2665 autem
2697 2607 2985 2689 propter

733 2701 1125 2772 sententiam
1172 2701 1310 2772 diei
1351 2724 1489 2771 non
1534 2703 1867 2792 potuerit,
1937 2702 2104 2791 quid
2154 2702 2374 2786 aliud,
2426 2723 2633 2792 quam
2671 2711 2982 2769 neutrum

735 2803 1229 2874 admittendum
1272 2829 1414 2875 esse
1430 2854 1451 2892 ,
1502 2805 1623 2875 sed
1665 2807 1869 2874 aliam
1900 2806 2439 2875 emendationem
2465 2805 2700 2900 quaeri
2727 2804 2984 2874 debere

733 2908 1225 2978 indicabimus?
1273 2910 1369 2978 Et
1408 2932 1620 3000 quum
1654 2910 1867 2979 tribus
1902 2910 2124 2988 modis
2165 2910 2460 2979 scribere
2496 2909 2798 3000 potuerit
2836 2909 2982 2978 Te-

733 3012 982 3081 rentius
996 3061 1018 3097 ,
1071 3021 1188 3082 aut
1230 3020 1472 3082 tamen
1510 3014 1734 3082 solum
1747 3062 1770 3099 ,
1818 3024 1935 3083 aut
1975 3021 2331 3098 attamm,
2397 3024 2517 3081 ant
2555 3016 2654 3081 sie
2671 3061 2693 3098 ,
2745 3020 2823 3081 ut
2865 3019 2983 3079 ta-

733 3137 898 3184 men
930 3115 1258 3185 dissimili
1292 3118 1615 3187 oratione
1659 3118 1801 3187 siut
1830 3116 2101 3211 saetae
2145 3140 2239 3186 ae
2284 3117 2487 3205 stilo,
2534 3139 2737 3185 nemo
2776 3116 2983 3185 facile

735 3217 898 3304 erit,
980 3219 1142 3306 quin
1159 3267 1180 3304 ,
1246 3219 1370 3287 nisi
1432 3228 1709 3306 tamen,
1793 3229 2113 3290 attamen
2170 3220 2698 3312 praeferendum
2767 3227 2980 3311 putet,

732 3320 927 3414 quod
955 3344 1096 3389 non
1124 3322 1218 3389 ita
1258 3344 1414 3390 raro
1454 3324 1701 3393 eadem
1739 3332 2073 3416 potestate
2122 3334 2259 3412 est,
2309 3348 2446 3413 qua
2476 3330 2980 3411 verumtamen,

733 3436 811 3495 nt
852 3425 1038 3517 apud
1084 3424 1232 3496 Cic·
1274 3427 1408 3519 Ep.
1430 3427 1547 3494 ἀεὶ
1594 3427 1758 3494 fam.
1797 3428 1948 3496 vll.
2001 3425 2123 3500 26.
2227 3430 2334 3508 Ac
2379 3437 2848 3520 permutantur
2891 3428 2978 3494 ab

731 3529 1019 3600 librariis
1063 3537 1382 3599 attamen
1400 3578 1423 3615 ‚
1476 3537 1545 3599 et
1594 3539 1875 3616 tamen,
1928 3540 1996 3600 et
2018 3530 2152 3600 sed
2177 3539 2448 3616 tamen,
2501 3542 2576 3601 ut
2618 3530 2807 3623 apud
2834 3530 2977 3600 Cic.

734 3633 827 3703 de
862 3634 1015 3702 Fin.
1043 3635 1166 3703 111.
1199 3630 1318 3702 15.
1349 3630 1423 3730 §.
1452 3632 1576 3703 48.
1603 3636 1792 3707 euius
1818 3635 1956 3705 loci
1995 3646 2363 3727 propterea
2387 3637 2797 3706 mentionem
2823 3633 2978 3718 feci,

732 3735 926 3826 quod
973 3739 1368 3831 interpretes
1403 3762 1624 3829 neque
1663 3738 2185 3831 disputationem
2229 3740 2451 3826 illam,
2504 3762 2680 3837 quae
2727 3739 2821 3807 ibi
2864 3748 2979 3822 est,

734 3839 887 3906 satis
915 3842 1280 3910 commode
1319 3842 1755 3934 explicuisse,
1808 3853 1875 3911 et
1915 3866 2054 3912 non
2086 3852 2273 3912 recte
2311 3843 2491 3912 istud
2526 3851 2846 3911 attamen
2868 3864 2981 3909 re-

734 3940 992 4032 cepisse
1024 3944 1371 4035 videntur,
1421 3947 1651 4037 quod,
1706 3963 1917 4038 quum
1973 3949 2185 4040 longe
2234 3947 2527 4015 maxima
2565 3966 2727 4038 pars
2757 3947 2976 4014 libro-
3068 3983 3075 3988 ·

731 4065 889 4112 rum
918 4051 985 4112 et
1014 4052 1254 4116 tamen
1298 4047 1581 4136 habeat,
1633 4050 1706 4118 in
1745 4052 1936 4141 quod
1978 4051 2076 4119 ibi
2114 4051 2225 4119 vix
2269 4051 2633 4141 quisquam
2670 4049 2976 4119 librarius

730 4145 1074 4217 incidisset
1089 4201 1109 4236 ,
1204 4175 1523 4243 magnam
1574 4154 2059 4223 emendationis
2103 4154 2403 4245 speciem
2443 4168 2635 4247 'prae
2693 4177 2767 4248 se
2827 4154 2975 4220 fert.

730 4251 895 4342 Ego
937 4249 1217 4341 quidem
1245 4255 1300 4322 si
1326 4255 1490 4343 quid
1527 4256 1766 4343 video,
1816 4258 2239 4351 negligentia
2271 4258 2619 4327 familiaris
2659 4256 2977 4326 sermonis

730 4354 933 4441 feeit,
985 4363 1060 4422 ut
1093 4354 1218 4424 ist'a
1260 4366 1330 4426 et
1367 4357 1905 4452 intelligerentur
1949 4361 2133 4430 male
2147 4408 2169 4447 ,
2249 4372 2319 4429 et
2359 4381 2726 4455 perperam
2767 4361 2975 4428 iuter-

730 4467 1215 4552 pungerentur.
1329 4459 1562 4547 Quare
1613 4464 1710 4536 sie
1750 4488 1833 4534 ea
1875 4465 2423 4559 interpungende
2460 4475 2731 4561 peteme
2798 4463 2980 4533 haec
