3325 5317
540 474 646 540 nr
671 452 901 540 mvs1s
937 475 1446 540 nvmnmvs
1479 473 1911 540 moinum
1941 477 2043 541 ΕΤ
2074 477 2380 544 avum.
2466 482 2600 546 2oe

357 672 493 738 que
536 654 782 721 novem
825 671 966 719 esse
1005 649 1312 720 dixerunt
1328 698 1350 736 ,
1413 673 1475 721 e.
1503 651 1790 721 Graecis
1819 650 2251 743 scriptoribus
2303 652 2597 720 mentio-

355 776 514 822 nem
560 754 866 822 fecerunt
913 753 1259 823 Diodorus
1305 753 1570 823 Siculus
1608 753 1731 824 lv.
1782 751 1880 845 7,
1908 755 2273 847 exscriptus
2316 755 2402 823 ab
2446 755 2595 823 Eu·-

354 857 542 925 sebio
587 858 832 949 Praep.
873 857 1002 925 Eu.
1049 857 1140 927 11.
1181 856 1252 927 2.
1307 880 1381 948 p.
1423 852 1547 924 54.
1604 856 2010 927 Plutarchus
2059 858 2147 943 Q.
2193 856 2432 948 Symp.
2473 858 2594 926 lx.

358 957 479 1026 14.
530 968 597 1028 et
639 960 728 1028 de
769 960 1027 1030 animae
1068 960 1407 1032 creatione
1446 960 1516 1028 in
1562 960 1853 1029 Timaeo
1890 984 1962 1052 p.
2011 958 2234 1029 1929.
2279 959 2366 1028 D.
2410 961 2595 1035 Pau-

356 1062 568 1130 sanias
604 1064 720 1136 IX.
755 1061 877 1147 29,
931 1062 1001 1130 2.
1055 1073 1124 1134 et
1173 1063 1297 1149 39,
1350 1061 1443 1147 1.,
1497 1061 1588 1131 de
1640 1086 1779 1153 quo
1829 1064 1991 1133 loco
2040 1075 2226 1133 recte
2274 1062 2599 1133 iudicavit
2717 1132 2736 1146 ,

353 1166 775 1235 Petersenius
807 1189 878 1257 p.
908 1165 1032 1234 93.
1133 1166 1649 1257 comparandus
1689 1167 2040 1260 Antipater
2068 1164 2303 1235 Sidon.
2334 1189 2443 1258 ep.
2473 1164 2595 1236 35.

356 1267 460 1359 (ἰιι
507 1269 796 1337 Iacobsii
844 1292 1022 1338 nova
1068 1270 1351 1338 Anthol.
1403 1278 1451 1337 t.
1502 1269 1593 1342 ΙΙ.
1647 1291 1720 1360 p.
1772 1268 1984 1358 692.)
2059 1271 2275 1338 Porro
2329 1270 2600 1339 Cornu-

353 1380 461 1439 tus
519 1395 579 1441 c.
617 1371 736 1439 14.
788 1371 1174 1442 scholiastes
1207 1372 1565 1465 Apollonii
1589 1372 1855 1441 Rhodii
1905 1373 1995 1441 ad
2046 1374 2169 1441 lll.
2209 1373 2349 1441 init.
2411 1374 2600 1442 Tze-

352 1482 499 1542 tzes
549 1474 640 1542 ad
674 1475 964 1544 Hesiodi
1010 1475 1103 1546 Ο.
1158 1487 1226 1544 et
1273 1476 1360 1545 l).
1412 1500 1484 1568 p.
1522 1473 1594 1543 6.
1648 1466 1946 1565 quocum
1993 1476 2414 1545 consentiunt
2448 1478 2600 1546 Eu-

357 1577 560 1646 docia
620 1601 692 1669 p.
748 1578 921 1648 294.
992 1589 1060 1648 et
1115 1580 1574 1672 fragmentum
1635 1579 1728 1649 de
1774 1578 1990 1648 Musis
2038 1581 2111 1648 in
2161 1579 2377 1649 Catal.
2427 1580 2597 1648 bibl.

355 1679 764 1751 Matritensis
796 1706 868 1774 p.
897 1682 1069 1751 329.
1110 1692 1176 1750 et
1202 1682 1390 1774 apud
1419 1682 1907 1752 Ruhnkenium
1932 1682 2119 1774 Epp.
2148 1684 2291 1752 crit.
2322 1704 2393 1775 p.
2424 1681 2597 1751 222.

357 1782 570 1874 (399.
617 1784 726 1853 ed.
773 1789 962 1877 tert.)
1065 1787 1174 1855 Ex
1220 1786 1474 1855 Latinis
1525 1796 1752 1856 autem
1795 1786 2014 1855 Varro
2054 1787 2243 1876 apud
2272 1786 2600 1879 Augusti-

354 1910 516 1954 num
569 1887 657 1957 de
709 1888 926 1958 doctr.
978 1888 1224 1959 Christ.
1273 1891 1365 1963 ll.
1420 1887 1543 1957 17.
1594 1889 1838 1959 Cicero
1892 1889 1981 1957 de
2030 1891 2115 1958 N.
2155 1889 2242 1958 D.
2293 1889 2416 1957 111.
2476 1889 2598 1983 21.

355 1991 698 2059 Arnobius
749 1993 904 2061 adv.
958 2002 1142 2084 gent.
1194 1992 1317 2059 111.
1369 1998 1445 2082 p.
1496 1989 1672 2065 121.
1726 1992 1836 2061 ed.
1888 1993 2087 2061 Antv.
2145 1990 2367 2060 1582.
2434 1993 2600 2062 Ser-

356 2095 501 2161 vius
552 2092 645 2159 ad
699 2095 889 2187 Virg.
936 2095 1090 2164 Ecl.
1131 2095 1284 2162 vn.
1330 2094 1452 2166 21.
1507 2105 1576 2162 et
1627 2095 1717 2162 ad
1769 2096 1939 2163 Aen.
1992 2097 2046 2164 l.
2098 2093 2171 2168 8.
2240 2096 2381 2165 Sed
2424 2120 2602 2184 quae

360 2198 448 2265 ab
490 2195 597 2263 his
648 2197 1081 2290 scriptoribus
1128 2197 1374 2266 tradita
1422 2207 1605 2282 sunt,
1669 2199 1739 2265 in
1789 2197 1896 2266 his
1942 2197 2114 2266 nihil
2161 2207 2301 2266 tam
2350 2200 2592 2267 mirum
2606 2208 2650 2267 4

360 2308 499 2384 est,
558 2322 767 2388 quam
818 2301 1011 2390 quod
1059 2324 1101 2368 a
1149 2301 1412 2369 Tzetza
1461 2311 1530 2369 et
1577 2301 1895 2371 Eudocia
1946 2311 2015 2369 et
2077 2302 2149 2368 in
2210 2302 2598 2394 fragmento

356 2403 477 2470 illo
519 2402 610 2470 de
643 2404 861 2473 Musis
909 2404 1017 2473 his
1067 2396 1284 2472 verbis
1332 2405 1787 2496 perscriptum
1840 2413 1976 2474 est.
2027 2402 2371 2501 Εὔμηλος
2413 2406 2603 2497 με’·ιν

359 2532 482 2578 τοι
535 2504 579 2579 o‘
621 2507 1033 2597 Κορίνθιος
1073 2514 1266 2603 τρεῖς
1317 2506 1526 2605 φησὶν
1578 2505 1798 2587 εἶναι,
1854 2511 2265 2603 θυγατέρας
2312 2502 2599 2583 Απόλ-

362 2614 617 2695 λωνος,
697 2612 1180 2707 Κηφισσοῦν,
1247 2606 1794 2699 Ἀπολλωνίδα,
1863 2609 2401 2706 Βορυσθενιᾛδα
2507 2612 2603 2680 Et

357 2713 595 2803 paullo
663 2722 855 2803 post.
919 2709 1370 2807 Ἐπίχαρμος
1440 2714 1534 2787 διὸ
1585 2716 1662 2788 ἐν
1724 2715 1831 2808 τῷ
1897 2715 2025 2811 τῆς
2078 2711 2326 2810 ”Ηβης
2388 2707 2599 2808 γάμοι

361 2807 551 2885 ἑπτα
608 2817 839 2909 λέγει,
910 2817 1321 2910 θυγατέρας
1378 2818 1653 2936 Πιέρου
1716 2817 1835 2888 καὶ
1887 2819 2347 2909 Πιμπληΐδος
2405 2844 2600 2910 νυμ-

363 2936 524 3012 φης
644 2916 1005 3006 Νειλοῦν,
1116 2911 1487 3016 Τριτῶην,
1592 2912 2019 3003 Ἀσωποῦν,
2098 2913 2598 3015 Επταπόλην,

357 3014 801 3109 Ἀχελωΐδα,
880 3015 1341 3108 Τιπόπλουν,
1431 3021 1550 3093 καὶ
1613 3021 1938 3095 Ῥοδίαν.
2061 3021 2177 3092 Sic
2249 3032 2347 3090 est
2413 3023 2602 3114 apud

360 3122 691 3191 Tzetzam
726 3133 819 3191 et
831 3123 1232 3193 Eudociam.
1336 3123 1480 3193 Sed
1531 3127 1600 3193 in
1651 3126 1899 3218 fragm.
1953 3149 2063 3217 ap.
2111 3125 2327 3198 Iriart.
2360 3124 2604 3194 Musa-

363 3248 513 3294 rum
567 3228 841 3295 nomina
903 3228 997 3298 sic
1054 3230 1338 3319 scripta.
1407 3230 1797 3312 Νὶοιλοῦν,
1869 3221 2284 3353 Τριτωνην,
2353 3225 2604 3304 Acro-

363 3330 587 3418 ποῦ’ν,
657 3326 1101 3421 Ἀχελωιδα,
1183 3323 1637 3420 Τιτόπλουν,
1689 3325 2197 3430 Ἐπταπόρην,
2250 3331 2372 3403 καὶ
2420 3330 2604 3405 Ρο-

363 3457 549 3503 σιαν.
656 3432 890 3503 Facile
918 3444 1245 3526 apparet,
1295 3432 1472 3504 haec
1504 3437 1809 3520 nomina,
1861 3435 1918 3504 si
1957 3457 2092 3503 non
2117 3436 2368 3519 omnia,
2420 3442 2606 3503 certe

359 3535 721 3602 maximam
770 3546 1036 3627 partem
1084 3560 1124 3604 a
1179 3537 1395 3605 fluviis
1444 3540 1730 3630 repetita
1773 3560 1934 3606 esse.
2036 3536 2388 3604 Mittamus
2426 3558 2603 3604 nunc

360 3637 761 3726 Eumelum,
848 3651 915 3707 et
968 3640 1316 3708 videamus
1380 3640 1533 3727 illa,
1616 3660 1791 3729 quae
1842 3637 2301 3730 Epicharmus
2354 3639 2601 3730 posuit.

361 3739 470 3809 Ac
517 3743 763 3810 mirum
812 3742 1026 3827 foret,
1095 3744 1184 3827 si,
1249 3765 1458 3830 quum
1510 3745 1670 3812 Nilo
1689 3792 1710 3828 ,
1776 3742 2095 3826 Tritone,
2161 3741 2372 3837 (haec
2423 3743 2605 3812 enim

361 3845 656 3935 genuina
696 3847 979 3915 nominis
1020 3846 1349 3937 scriptura
1399 3849 1567 3937 est‚)
1632 3850 1869 3936 Asopo
1885 3893 1906 3929 ,
1957 3845 2317 3931 Achelois,
2370 3855 2607 3936 aperte

363 3970 406 4014 a
447 3948 660 4016 fluviis
703 3949 1083 4017 nominatae
1125 3950 1252 4017 sint
1272 3997 1292 4033 ,
1373 3973 1508 4017 non
1557 3951 1745 4018 idem
1791 3949 2050 4018 factum
2103 3959 2274 4018 esset
2320 3948 2388 4018 in
2443 3973 2603 4020 cae-

362 4051 519 4117 teris
565 4053 963 4120 nominibus.
1068 4055 1162 4120 At
1211 4051 1458 4121 horum
1511 4053 1650 4120 duo
1699 4074 1837 4121 non
1882 4053 2097 4120 minus
2114 4101 2135 4137 ,
2204 4077 2409 4144 quam
2464 4055 2606 4138 illa,

363 4164 537 4243 quae
577 4153 896 4241 diximus,
965 4179 1005 4223 a
1048 4155 1261 4223 fluviis
1302 4154 1508 4247 ducta
1551 4179 1734 4243 esse,
1794 4155 2080 4225 Homeri
2129 4180 2357 4227 versus
2401 4156 2607 4229 docet

362 4256 558 4326 Iliad.
674 4314 691 4330 .
750 4256 870 4326 29.

285 4362 292 4369 ’
609 4284 897 4458 ῌΡῆσός
989 4357 1128 4440 θ’,
1239 4348 1710 4462 Ἑπτάπορός
1798 4391 1936 4453 τε,
2053 4358 2397 4463 Κάρησός
2498 4392 2604 4449 τε,

492 4514 499 4521 -
1362 4516 1369 4523 -
1818 4465 2106 4550 Ῥοδίος
2173 4495 2275 4542 τε

465 4565 712 4639 Ηιιιιιι.
768 4566 903 4640 01³.
953 4568 1041 4637 11.
1820 4571 1891 4641 Τ
