3325 5317
673 524 676 527 Α
754 482 882 546 1ῖὸ
981 478 1083 538 DE
1130 475 1647 536 MYTHOLOGIA
1690 474 2173 538 GRAECORVM
2215 474 2761 552 ANTIQVISSIMA

672 704 677 709 -
752 676 826 723 re
869 653 939 720 in
983 642 1264 745 Κύπρῳ
1280 703 1307 737 ,
1353 649 1654 735 :Pu-onia,
1719 657 1878 717 nata
1913 648 2164 734 fertur,
2212 646 2690 737 quod-nomen
2717 669 2992 718 avoca-
3102 702 3113 707 -

753 757 922 826 bulo
964 746 1190 848 κυφός
1225 752 1502 823 facum.
1601 754 1751 822 Iam
1793 752 2046 842 minus,
2105 752 2389 844 opinor,
2438 753 2683 821 mirum
2720 746 2991 822 videbi-

752 871 899 945 tur,
976 854 1354 926 Hesiodum
1397 880 1463 925 v.
1502 851 1625 929 50.
1682 855 1990 924 homines
2033 865 2102 924 et
2151 855 2480 947 Gigantes
2538 856 2989 948 coniungere:

752 985 894 1054 quo
939 962 1100 1030 loco
1143 970 1282 1028 non
1324 960 1590 1029 videtur
1634 958 1919 1029 dubium
1954 982 2099 1028 esse
2115 1007 2138 1045 ,
2186 956 2349 1048 quin
2393 958 2746 1029 hominum
2775 960 2988 1051 origi-

752 1090 913 1137 nem
940 1073 1008 1134 et
1036 1071 1463 1156 generatores
1498 1063 1729 1134 dicere
1753 1063 2060 1153 voluerit.
2161 1061 2475 1131 indidem
2510 1064 2709 1132 etiam
2734 1066 2809 1132 in
2832 1062 2990 1132 Ho-

663 1247 672 1257 ,
751 1170 1008 1242 merico
1046 1167 1304 1258 hymno
1336 1168 1676 1261 Apollinis
1704 1189 1770 1241 v.
1805 1165 1977 1235 336.
2008 1166 2104 1235 de
2129 1166 2484 1235 Titanibus
2516 1168 2859 1259 scriptum
2870 1175 2987 1259 est,

731 1275 903 1350 ,τῶν
946 1271 1019 1355 ἒξ
1059 1269 1315 1367 ἄνδρες
1349 1299 1433 1345 τε
1464 1269 1633 1346 θεοί
1671 1297 1781 1345 τε.
1883 1269 2244 1339 Caeterum
2270 1293 2481 1359 quem
2504 1292 2643 1341 non
2684 1270 2991 1339 advertat

753 1376 1165 1449 admirabilis
1203 1375 1451 1445 harum
1483 1375 1578 1443 de
1622 1383 1898 1442 naturae
1936 1372 2321 1464 primordiis
2342 1375 2795 1442 narrationum
2821 1395 2990 1442 con-

660 1539 670 1549 .
752 1471 970 1551 sensio
1018 1502 1178 1549 cum
1221 1480 1300 1546 iis
1317 1530 1338 1568 ,
1389 1501 1562 1566 quae
1602 1476 1819 1545 hodie
1868 1475 2228 1547 doctorum
2272 1477 2629 1546 hominum
2667 1477 2990 1546 industria

752 1585 845 1655 de
884 1581 1439 1654 vicissitudinibus
1489 1573 1670 1648 orbis
1705 1580 1906 1648 huius
1945 1588 2297 1672 comperta
2336 1579 2699 1666 habemus,
2751 1583 2823 1649 in
2849 1603 2989 1670 quo

750 1712 875 1759 nos
897 1694 1280 1756 senescente
1313 1685 1448 1752 iam
1461 1731 1492 1767 ,‚
1532 1684 1746 1752 medii
1771 1684 1944 1755 inter
1988 1683 2159 1751 duas
2199 1684 2452 1768 ruinaS,
2505 1685 2988 1767 aeternitatem,

752 1792 957 1861 serius
992 1791 1178 1860 ocius
1208 1789 1397 1855 novis
1426 1787 1739 1855 fluctibus
1764 1788 2135 1877 perituram
2166 1787 2344 1870 inani
2369 1787 2613 1855 labore
2635 1797 2987 1871 consecta-

672 1952 708 1959 ,.
750 1917 924 1964 ιιιιιι.
1026 1890 1211 1960 Mihi
1250 1891 1530 1981 quidem
1586 1892 1804 1959 maior
1821 1934 1826 1939 ·
1843 1889 1966 1958 illa
2012 1892 2361 1960 consensio
2414 1890 2713 1976 videtur,
2780 1914 2989 1980 quam

667 2069 672 2073 ,
750 2006 827 2066 ut
861 1996 1267 2065 narrationes
1293 1995 1447 2062 istas
1475 1994 1647 2063 nihil
1675 1994 1799 2062 nisi
1827 2004 2211 2063 commenta
2234 2017 2380 2063 esse
2414 1992 2990 2087 philosophorum

748 2109 1007 2193 putem.
1035 2164 1042 2168 ,
1109 2098 1330 2167 Ιιιιιιιο
1345 2099 1451 2167 'ab
1487 2098 1622 2166 illis
1654 2121 1765 2166 eas
1793 2108 2109 2188 acceptas
2136 2097 2435 2182 credam,
2486 2098 2605 2187 qui
2628 2098 2759 2189 ipsi
2788 2106 2987 2166 testes

747 2205 996 2273 fuerint
1054 2224 1345 2294 magnae
1401 2201 1676 2271 alicuius
1736 2201 2216 2285 conversionis,
2299 2201 2635 2291 aliamque
2702 2202 2990 2271 viderint

664 2367 672 2374 .
748 2307 929 2375 orbis
964 2313 1299 2401 terrarum
1322 2305 1570 2374 faciem
1583 2354 1604 2391 ,
1652 2326 1861 2393 quam
1897 2304 2126 2393 quoad
2166 2305 2377 2373 nostri
2413 2306 2681 2396 generis
2720 2320 2989 2376 memo-

744 2412 845 2479 ria
870 2408 1215 2502 pertingit.
1320 2408 1401 2476 In
1445 2430 1582 2498 qua
1621 2431 1699 2477 re
1739 2430 1876 2477 non
1914 2408 2188 2476 videtur
2233 2408 2650 2500 negligenda
2685 2431 2827 2477 esse
2856 2409 2988 2477 im·-
3032 2496 3036 2500 ι

684 2583 689 2588 .
743 2516 1044 2584 manium
1097 2513 1477 2582 belluarum
1529 2513 2120 2583 commemoratio:
2183 2521 2471 2601 quantae
2513 2512 2991 2605 magnitudinis

746 2618 1058 2686 animalia
1096 2616 1300 2685 fuisse
1341 2638 1668 2705 umquam
1692 2618 1805 2684 vix
1846 2615 2174 2684 credibile
2202 2615 2414 2701 foret,
2465 2617 2592 2683 nisi
2634 2626 2824 2685 eruta
2868 2614 2987 2685 hic

741 2722 884 2790 illic
933 2720 1254 2811 ingentia
1280 2742 1430 2787 ossa
1473 2720 1708 2811 magni
1753 2740 1879 2786 nos
1915 2716 2347 2810 superficiem
2390 2719 2725 2809 sepulcri,
2780 2719 2990 2787 alium

740 2823 1033 2916 tegentis
1091 2831 1161 2889 et
1222 2823 1550 2892 maiorem
1600 2830 1880 2921 naturae
1938 2823 2281 2909 ordinem,
2349 2822 2659 2893 incolere
2694 2823 2989 2893 demon-

735 2925 1133 2995 stravissent.
2326 2950 2330 2957 ·

944 3079 1283 3148 Revertor
1326 3074 1417 3147 ad
1473 3077 1889 3149 Hesiodum:
1967 3079 2155 3171 apud
2212 3102 2420 3169 quem
2475 3078 2672 3171 quae
2709 3103 2773 3149 v.
2834 3077 2981 3146 211

744 3222 849 3235 -—
880 3179 1052 3249 232.
1106 3191 1571 3266 enumeratur,
1623 3182 1898 3303 NoctiS,
1970 3193 2036 3250 et
2077 3182 2327 3252 deinde
2374 3183 2597 3252 Eridis
2640 3205 2984 3281 propago,

745 3284 980 3376 aperte
1027 3307 1111 3352 ex
1148 3284 1457 3374 pluribus
1504 3293 1634 3369 est,
1686 3286 1902 3374 iisque
1947 3287 2308 3355 maximam
2349 3296 2619 3378 partem
2651 3289 2986 3356 recentio-

742 3389 926 3472 ribus
971 3389 1365 3457 commentis
1404 3388 1656 3478 petita.
1724 3396 1801 3454 ut
1840 3387 2029 3477 quod
2074 3388 2331 3460 Parcae
2370 3390 2606 3459 Noctis
2645 3385 2827 3458 filiae
2878 3390 2985 3458 di-

745 3502 985 3564 cuntur
1002 3541 1023 3578 ,
1076 3492 1166 3561 de
1205 3486 1449 3581 quibus
1488 3490 1683 3559 aliter
1712 3489 1887 3559 infra
1924 3513 1986 3559 v.
2025 3481 2197 3560 904.
2303 3492 2531 3578 Quare
2559 3478 2738 3561 haec
2776 3517 2985 3584 prae-—

742 3605 929 3667 tereo
945 3645 966 3684 ,
1014 3596 1438 3688 praesertim
1454 3618 1674 3689 quum
1710 3592 1883 3662 nihil
1915 3595 2333 3667 difficultatis
2376 3591 2717 3665 habeant.

948 3751 1196 3843 Pergit·
1238 3750 1547 3841 antiquus
1591 3758 1832 3818 auctor
1890 3749 2371 3843 cosmogoniae
2429 3750 2501 3819 in
2558 3750 2759 3819 Ponti
2815 3773 2986 3843 pro-

745 3853 968 3943 genie.
1072 3857 1179 3923 Ac
1210 3848 1536 3940 Πόντος,
1593 3850 2108 3938 Profundanus,
2162 3854 2280 3943 qui
2305 3853 2480 3939 iam,
2534 3874 2617 3923 ex
2642 3877 2783 3945 quo
2813 3877 2984 3947 pro-

637 3994 640 3997 ¹
713 3955 960 4023 -tfunda
1006 3958 1194 4045 aquis
1229 3957 1498 4048 repleta
1535 3965 1723 4043 sunt,
1788 3976 1929 4026 non
1967 3957 2186 4025 solam
2225 3955 2839 4048 profunditatem,
2862 3957 2986 4027 sed

747 4057 949 4126 simul
993 4060 1232 4145 etiam,
1303 4061 1497 4165 quod
1547 4082 1630 4129 ea
1673 4061 2049 4132 continetur
2085 4083 2273 4129 mare
2290 4108 2311 4147 ,
2387 4061 2757 4154 significat,
2801 4076 2986 4133 cum

656 4162 977 4234 11Terra
1027 4164 1322 4255 coniuge
1364 4166 1592 4256 primo
1648 4174 1968 4256 procreat
2026 4165 2318 4262 Νηρέα)
2384 4164 2770 4252 Nefluum,
2796 4166 2863 4234 i
2921 4189 2979 4234 e.

667 4330 680 4338 ,
749 4264 1071 4365 fundum.
1121 4267 1238 4355 qui
1275 4274 1345 4336 et
1373 4270 1631 4369 primus
1660 4279 1820 4338 natu
1858 4258 2104 4338 dicitur
2119 4315 2140 4352 ,
2189 4269 2350 4357 quia
2376 4291 2551 4358 quos
2590 4264 2853 4338 fratres
2868 4289 2985 4337 so·-

745 4389 1073 4459 roresque
1096 4368 1339 4456 habet,
1387 4373 1688 4441 nituntur
1723 4375 1913 4464 ips03-
1965 4379 2037 4441 et
2063 4388 2265 4440 senex
2279 4421 2299 4459 ‚
2348 4374 2515 4462 quia
2545 4382 2838 4464 semper
2848 4374 2983 4442 im-

669 4473 1090 4546 mutabilis
1114 4482 1244 4579 est3
1294 4483 1368 4544 et
1403 4494 1603 4548 verax
1617 4523 1660 4564 ,
1686 4474 1850 4567 quia
1868 4494 2257 4566 numquam
2285 4472 2561 4564 fatiscit,
2612 4474 2983 4567 questracta
