3325 5317
1137 498 1785 566 mssER'rA'rlo
1829 502 1904 564 11.
2368 524 2373 528 ·
2488 507 2618 572 168

373 671 668 764 clarant3
717 680 1142 766 praesentem
1171 672 1439 757 fabulas
1469 695 1618 746 suas
1642 673 1975 762 docuisse,
2025 674 2417 768 gravissimo
2445 678 2614 749 teste

369 775 728 846 Athenaeo
766 777 1110 859 evicimus3
1157 780 1460 849 Siciliam
1505 788 1663 871 post
1706 778 2163 849 Eumenidum
2195 780 2614 850 commissioss·

368 902 530 947 nem
556 879 826 971 petiisse
839 927 862 965 ,
910 881 1286 953 luculenter
1314 884 1606 952 ostendit
1631 882 1808 952 vitae
1843 883 2165 975 scriptor,
2216 884 2414 951 tertio
2455 893 2616 975 post

367 1003 547 1051 anno
594 992 933 1053 mortuum
976 1004 1283 1068 narrans3
1363 987 1551 1055 idem
1597 986 1830 1054 mortis
1891 1009 2098 1057 annus
2155 986 2226 1053 in
2272 1008 2613 1057 marmore

366 1086 569 1154 Pario
603 1087 1031 1180 consignatus
1075 1099 1207 1171 est3
1258 1090 1549 1179 denique
1597 1089 1669 1156 in
1718 1087 1950 1158 Sicilia
1996 1096 2335 1183 mortuum
2377 1090 2613 1182 sepul-

364 1196 646 1282 tumque
682 1213 826 1259 esse
841 1239 863 1276 ,
917 1191 1355 1262 certissimum
1399 1201 1529 1262 est:
1576 1199 1655 1260 ut
1670 1239 1692 1276 ,
1743 1215 1954 1281 quum
1999 1193 2138 1260 iam
2186 1193 2613 1284 exploratum

364 1290 745 1362 habeamus
759 1341 782 1379 ,
834 1317 1008 1363 anno
1044 1318 1199 1364 enm
1233 1297 1465 1367 aetatis
1494 1294 1689 1363 LXV
1718 1294 2022 1364 Athenas
2064 1295 2409 1385 reliquisse
2424 1345 2445 1381 ,
2497 1321 2612 1365 su-

362 1417 858 1487 pervacaneum
887 1399 1003 1484 sit,
1058 1422 1180 1469 cur
1204 1399 1279 1466 id
1317 1399 1589 1483 fecerit,
1619 1384 1984 1486 ‘quaerere
2088 1399 2231 1468 Sed
2258 1399 2614 1469 nihilomi-

363 1521 489 1568 nus
524 1520 845 1588 quaeram
862 1550 882 1587 ,
936 1525 1023 1570 an
1068 1512 1357 1595 propter
1401 1502 1815 1571 Eumenides
1864 1502 2119 1570 abierit.
2223 1492 2291 1570 N
2291 1526 2380 1570 on
2428 1505 2609 1572 enim

366 1602 882 1672 concedendum
922 1615 1095 1696 puto
1111 1655 1133 1693 ,
1200 1605 1507 1675 fabulam
1523 1653 1544 1689 ,
1611 1628 1749 1694 qua
1787 1604 2039 1676 vicerat
2053 1654 2074 1690 ‚
2124 1627 2264 1673 non
2311 1608 2611 1696 potuisse

361 1705 432 1774 in
473 1728 702 1775 caussa
749 1731 891 1776 esse
910 1757 932 1795 ,
983 1719 1062 1778 ut
1099 1712 1391 1802 patriam
1433 1709 1866 1799 relinqueret.
1969 1710 2211 1798 Neque
2256 1710 2434 1777 enim
2477 1708 2612 1777 mi-

338 1831 514 1877 rum
542 1810 722 1878 foret
738 1859 759 1896 ,
809 1811 900 1897 si,
953 1836 1129 1902 quae
1168 1823 1311 1882 erat
1343 1813 1580 1881 levitas
1615 1811 2124 1881 Atheniensium
2140 1860 2161 1897 ,
2214 1835 2421 1900 quem
2452 1834 2610 1880 mo-

249 1928 255 1943 ·
363 1912 458 1980 do
489 1914 815 1984 victorem
860 1925 1289 1987 coronassent
1304 1956 1330 2002 ,·
1380 1915 1699 1985 eumdem
1752 1923 2040 2005 propter
2087 1916 2359 1984 easdem
2404 1915 2611 1985 fabu-

360 2015 462 2083 las
508 2019 580 2085 in
619 2018 721 2085 ius
766 2020 1199 2089 vocavissent.
1304 2019 1502 2105 Quae
1546 2043 1589 2085 a
1629 2018 1810 2088 vitae
1854 2019 2182 2110 scriptore
2214 2028 2284 2088 et
2323 2018 2611 2089 Polluce

360 2118 452 2188 de
498 2120 717 2189 choro
768 2121 1252 2203 Eumenidum,
1283 2123 1528 2197 tradita
1575 2129 1728 2190 sunt
1744 2169 1765 2207 ,
1843 2131 2210 2211 utcumque
2271 2121 2607 2208 fabulosa,

322 2220 541 2294 -hanc
570 2232 796 2293 tamen
830 2225 968 2292 vim
1004 2226 1299 2311 habent,
1347 2233 1424 2293 ut
1455 2234 1773 2318 arguant,
1826 2224 2069 2308 fuisse,
2122 2224 2309 2314 quod
2348 2224 2415 2291 in
2459 2225 2610 2292 Eu-

356 2326 707 2395 menidum
770 2326 989 2397 choro
1038 2331 1552 2422 improbaretur.
1670 2326 1841 2396 Inde
1900 2326 2215 2416 quidam,
2294 2337 2370 2395 ut
2409 2327 2610 2396 Peri-

356 2430 592 2497 zonius
618 2429 711 2497 ad
744 2430 1107 2501 Aelianum
1144 2434 1228 2505 V.
1255 2433 1348 2501 H.
1376 2433 1465 2500 V.
1503 2430 1622 2500 19.
1656 2453 1869 2520 quum
1898 2430 2205 2500 viderent
2221 2480 2243 2518 ,
2296 2429 2611 2520 Aeschy-

355 2533 502 2600 lum
548 2532 913 2622 aliquando
957 2558 1151 2604 reum
1191 2535 1551 2627 impietatis
1591 2534 1850 2602 factum
1903 2532 2071 2619 dici,
2141 2557 2292 2602 eam
2328 2556 2608 2603 accusa-

356 2636 614 2704 tionem
642 2637 734 2705 ob
773 2638 1186 2707 Eumenides
1213 2640 1581 2708 institutam
1672 2628 1961 2705 ‘utarunt
2065 2636 2185 2706 Sic
2215 2637 2416 2706 etiam
2452 2659 2609 2706 sen-

359 2740 442 2806 sit
471 2739 939 2833 Musgravius,
992 2744 1277 2812 Aeliano
1308 2751 1545 2810 testem
1582 2764 1623 2808 a
1676 2744 1958 2833 iungens
2000 2740 2324 2829 Apsinem
2343 2789 2364 2825 ‚
2421 2741 2607 2809 cuius

358 2841 591 2911 locum
625 2867 764 2913 non
792 2845 1057 2915 videtur
1086 2846 1450 2938 inspexisse
1477 2843 1895 2916 BoeckhiuS.
2004 2844 2224 2913 Aliter
2253 2844 2605 2914 confiden-

356 2945 520 3031 tius,
573 2949 858 3039 opinor,
906 2971 979 3039 p.
1014 2948 1136 3017 39.
1177 2951 1367 3019 illam
1403 2949 1764 3041 impietatis
1804 2947 2298 3017 accusationem
2328 2947 2418 3015 ad
2458 2949 2607 3016 Eu-

357 3049 661 3121 menides
702 3052 1074 3138 retulisset,
1127 3076 1338 3142 quum
1376 3063 1560 3121 recte
1606 3051 2091 3134 observaverit,
2143 3053 2605 3120 accusationes

354 3174 564 3243 saepe
610 3153 812 3248 plura
868 3157 1261 3247 complexas
1318 3180 1458 3225 esse
1502 3156 1745 3247 capita.
1847 3154 1989 3223 Sed
2043 3177 2131 3223 ne
2174 3154 2606 3248 Musgravius

355 3255 637 3345 quidem'
667 3260 892 3327 omnia
917 3259 1183 3328 videtur
1224 3258 1684 3351 perpendisse,
1733 3257 1848 3347 qui
1890 3281 2116 3325 versus
2145 3259 2605 3328 Eumenidum

356 3381 422 3428 v.
444 3359 736 3430 70-73.
766 3359 919 3430 185
937 3362 1163 3433 -197,
1199 3362 1290 3431 ad
1315 3364 1679 3454 impietatis
1710 3361 2238 3430 criminationem
2265 3361 2606 3429 adhibitos
2637 3402 2641 3407 ·

359 3465 715 3554 putaverit.
816 3469 1074 3558 Aperte
1125 3470 1303 3536 enim
1340 3467 1727 3557 refragatur
1758 3467 2084 3557 ApsineS,
2178 3465 2272 3532 ita
2313 3465 2606 3533 scribens

353 3586 428 3658 p.
472 3564 646 3635 686.
706 3568 967 3638 media:
1034 3576 1108 3643 οἱ
1154 3571 1270 3644 ἐπὶ
1314 3563 1855 3648 Ποτιδαιάταις
1900 3561 2318 3662 κρινόμενοι
2363 3563 2606 3661 Ἀθη-

356 3676 555 3742 ναῖοι
568 3725 598 3760 ,
660 3670 779 3744 καὶ
823 3667 1189 3763 Αἰσχύλος
1231 3673 1346 3747 ἐπὶ
1396 3677 1557 3751 ταῖς
1600 3668 2001 3763 Εὐμενίσι,
2054 3667 2171 3739 καὶ
2224 3667 2265 3740 o‘
2307 3667 2605 3742 ἐπὶτῶν

356 3769 877 3864 λιμωττόντων
918 3777 1237 3850 Σκυθῶν
1255 3832 1282 3864 ,
1352 3773 1469 3847 καὶ
1517 3774 1630 3846 ἐπὶ
1680 3766 2023 3849 πάντων,
2062 3768 2266 3855 ,ὅπου
2309 3772 2496 3864 μέγα
2527 3799 2605 3845 τι

355 3875 478 3947 καὶ
520 3874 1077 3975 ὡμολογημένον
1118 3873 1212 3951 w*
1257 3875 1593 3974 α’ὃίκημα.
1698 3876 2008 3960 Quorum
2038 3875 2399 3943 verborum
2429 3898 2607 3965 quae

355 3978 597 4047 ultima
637 3990 821 4067 sunt,
873 3983 1028 4050 satis
1071 3983 1532 4051 demonstrant
1571 4002 1873 4050 caussam
1902 3980 2096 4045 istam
2127 4000 2262 4045 non
2296 3980 2368 4046 in
2395 3981 2606 4048 versi-

354 4080 482 4149 bus
524 4082 692 4169 inis,
744 4085 863 4174 qui
911 4109 1048 4155 non
1092 4087 1310 4178 magis
1355 4084 1546 4176 impii
1581 4093 1765 4167 sunt,
1836 4105 2041 4171 quam
2084 4082 2278 4150 multi
2320 4083 2604 4151 aliorum

352 4204 581 4253 versus
634 4189 1086 4281 tragicorum,
1172 4190 1293 4258 sed
1341 4187 1412 4254 in
1462 4209 1718 4279 magno
1773 4186 2002 4275 aliquo
2059 4194 2432 4278 apertoque
2470 4186 2604 4257 cri-

354 4286 540 4357 mine
573 4302 902 4360 versatam
944 4317 1103 4362 esse.
1208 4293 1290 4361 In
1336 4301 1662 4383 promptu
1699 4298 1828 4374 est,
1880 4312 2016 4357 non
2055 4291 2128 4357 id
2164 4289 2349 4358 aliud
2379 4291 2601 4373 fuisse,
2710 4360 2721 4369 ⁴

357 4413 564 4481 quam
590 4396 781 4482 quod
821 4419 951 4487 pro
989 4396 1200 4465 tribus
1218 4444 1239 4481 ,
1291 4418 1460 4484 quas
1506 4396 1738 4464 civitas
1779 4394 2034 4463 coleret
2050 4442 2071 4478 ,
2123 4393 2340 4461 Furiis
2378 4392 2697 4464 multoz}

356 4495 589 4586 plures
611 4497 1101 4571 introduxisset.
1130 4498 1417 4569 ·Mirum
1451 4507 1548 4568 est
1576 4510 1824 4586 tamen,
1856 4498 2023 4566 alios
2059 4497 2436 4666 εοὲἰριοῐοε,
2488 4496 2608 4584 qui

2000 4601 2064 4668 L
