3325 5317
1061 452 1725 519 mssEn'rAno
1764 452 1875 549 ιι.
2443 457 2570 520 161

334 650 515 700 66336
560 633 661 696 est
705 624 990 719 Olymp.
1042 626 1292 697 LXIII.
1339 623 1420 709 4.
1456 627 1673 719 Apud
1720 627 2005 698 Suidam
2045 633 2183 713 est,
2230 633 2572 697 mortuum

299 789 301 792 ,
333 755 474 801 6336
499 753 675 799 anno
705 732 879 800 vitae
909 732 1161 801 LVIII.
1201 730 1321 822 qui
1338 731 1735 816 *manifestus
1766 739 1865 800 est
1905 731 2327 798 librariorum
2357 752 2568 820 error,
2618 724 2639 773 '⁴

333 834 529 924 quia,
606 843 681 903 ut
737 835 922 903 idem
971 834 1215 904 Suidas
1273 842 1343 903 et
1387 835 1511 903 illo
1575 843 1645 903 et
1700 835 1838 903 alio
1891 833 2052 903 loco
2114 833 2383 918 refert,'
2432 833 2572 903 iam

333 937 611 1029 Olymp.
663 938 874 1007 LXX.
918 937 987 1005 1.
1041 961 1197 1008 cum
1236 937 1509 1029 Pratina
1536 937 1838 1024 certavit,
1885 958 2093 1005 annos
2124 944 2316 1005 natus
2354 936 2570 1005 XXV.

279 1084 286 1091 2
329 1040 446 1131 qui
502 1063 819 1119 numerus
857 1063 1145 1134 prorsus
1220 1042 1532 1111 convenit
1613 1063 1771 1111 cum
1841 1041 2112 1111 calculo
2187 1040 2574 1109 marmoris:

328 1142 506 1212 unde
549 1144 914 1214 verisimile
956 1153 1091 1230 est,
1160 1144 1445 1214 Suidam
1501 1166 1637 1210 non
1686 1137 1777 1238 νή
1792 1198 1821 1232 ,
1909 1143 2032 1212 36(1
2090 1136 2173 1242 ξῆ
2215 1143 2572 1234 scripsisse.

327 1247 520 1316 Vitae
566 1248 855 1340 scriptor
896 1247 1314 1338 Aeschylum
1364 1246 1570 1315 tradit
1612 1246 1828 1320 LXV.
1878 1245 2111 1316 aetatis
2159 1269 2333 1314 anno
2381 1269 2574 1314 mor-

325 1358 510 1437 tuum
558 1374 735 1418 esse:
803 1375 845 1419 a
886 1375 1022 1440 qua
1060 1350 1448 1420 narratione
1491 1372 1628 1418 nou
1669 1351 1957 1419 multum
2000 1349 2294 1435 recedit,
2377 1349 2573 1440 quod

325 1454 561 1544 paullo
595 1462 754 1545 post
778 1454 848 1523 iu
878 1455 1119 1525 eadem
1147 1454 1285 1523 vita
1310 1454 1599 1546 legitur,
1652 1451 1906 1546 ἐβίωσε
1942 1454 2020 1526 δὲ
2062 1444 2404 1549 ἑξήκοντα
2448 1450 2571 1525 καὶ
2672 1466 2677 1474 “

259 1568 262 1571 ’
325 1554 491 1652 τρία
525 1557 700 1653 ἔτη,
752 1557 869 1625 ubi
910 1568 1136 1627 tamen
1175 1578 1307 1648 pro
1354 1558 1478 1654 ἔτη
1523 1549 1646 1651 ξγ’,
1690 1556 1883 1644 quod
1929 1556 2071 1624 duo
2117 1555 2389 1623 codices
2438 1554 2573 1624 ha-

282 1708 286 1712 ·
324 1659 517 1744 bont,
572 1660 645 1727 iu
682 1661 883 1728 tertio
918 1663 1240 1755 scriptum
1282 1669 1381 1728 est
1421 1659 1532 1747 es',
1586 1660 1868 1741 fortasse
1909 1658 2328 1729 dissensionis
2374 1679 2573 1727 com-

234 1849 240 1854 ·
323 1763 685 1853 ponendae
720 1786 974 1834 caussa.
1076 1765 1278 1834 Nunc
1325 1762 1692 1834 secundum
1741 1783 1889 1849 eos,
1942 1763 2060 1854 qui
2104 1761 2317 1835 LXV.
2364 1783 2573 1830 annos

328 1866 709 1957 implevisse
743 1867 1165 1959 Aeschylum
1216 1866 1526 1935 dixerunt
1540 1913 1561 1950 ,
1627 1866 1684 1934 si
1722 1889 1766 1934 a
1807 1867 2043 1935 mortis
2085 1873 2396 1957 tempore
2440 1888 2573 1933 nu-

326 1992 540 2038 meres
556 2015 579 2055 ,
642 1979 835 2040 natus
877 1972 1011 2041 fuit
1052 1970 1338 2061 Olymp.
1385 1968 1639 2038 LXIV.
1682 1966 1755 2036 4.
1868 1969 2072 2054 Hanc
2128 1991 2290 2037 vero
2337 1991 2566 2037 narra-

324 2072 577 2141 tionem
621 2083 938 2163 sequutus
981 2083 1081 2142 est
1123 2074 1217 2159 is,
1268 2096 1309 2141 e
1348 2094 1489 2161 quo
1536 2071 1930 2142 scholiastes
1963 2071 2434 2165 Aristophanis
2481 2069 2574 2140 ad

324 2174 498 2262 Rau.
528 2174 579 2244 7
582 2171 652 2243 5.
705 2186 771 2245 et
818 2178 1109 2270 scriptor
1148 2172 1325 2257 vitae
1368 2174 1776 2266 Sophoclis,
1826 2176 2121 2245 numeris
2169 2199 2208 2244 e
2244 2174 2577 2266 Musgra-
2680 2251 2690 2260 ,

324 2278 410 2348 vii
444 2288 514 2348 et
537 2279 875 2370 Lessingii
914 2279 1237 2349 sententia
1265 2279 1660 2371 permutatis
1678 2326 1700 2364 ,
1752 2277 2181 2369 Sophoclem
2203 2278 2577 2347 retulerunt

324 2381 675 2471 Aeschylo
720 2383 973 2452 XXIV.
1029 2383 1217 2452 annis
1262 2382 1707 2474 posteriorem
1724 2429 1746 2467 ,
1816 2382 2049 2467 xvu„
2079 2382 2383 2473 priorem
2425 2381 2576 2449 Eu-

322 2483 545 2576 ripide
583 2484 804 2553 fuisse.
908 2485 992 2555 Id
1030 2486 1208 2555 enim
1236 2487 1354 2578 qui
1399 2483 1679 2553 tra‘didit
1694 2532 1715 2570 ,
1768 2483 2199 2576 Sophoclem
2237 2484 2574 2579 existima-

324 2588 415 2656 vit
459 2597 691 2656 natum
743 2611 885 2657 esse
930 2588 1213 2680 Olymp.
1257 2588 1469 2657 LXX.
1507 2586 1578 2655 4.
1621 2608 1760 2677 quo
1815 2610 1991 2671 auno
2038 2587 2156 2656 ille
2199 2586 2574 2673 secuudum

324 2713 623 2759 marmor
664 2691 980 2777 Parium,
1067 2690 1258 2786 quod
1315 2714 1470 2760 eum
1527 2689 1810 2781 Olymp.
1858 2691 2206 2786 Lxxvll,
2243 2688 2316 2758 4.
2367 2712 2577 2759 annos

324 2791 986 2863 habuisse'XXVIII.
1018 2796 1229 2864 refert
1244 2842 1266 2879 ,
1324 2804 1520 2863 natus
1563 2795 1902 2863 habeatur
1942 2817 2216 2864 necesse
2260 2802 2377 2868 est.
2441 2794 2577 2862 At-

325 2898 442 2985 qui
481 2899 567 2965 ab
611 2895 893 2990 Olymp.
939 2899 1188 2967 LXIV.
1231 2895 1305 2964 4.
1345 2920 1483 2988 quo
1525 2920 1711 2966 auno
1744 2897 1850 2965 isti
1888 2894 2307 2988 Aeschylum
2343 2907 2578 2966 natum

324 3010 678 3091 putarunt,
731 3001 823 3069 ad
867 3002 1122 3071 natales
1164 3001 1537 3091 Sophoclis
1567 3000 1850 3091 Olymp.
1875 3001 2092 3101 LXX.
2124 2999 2194 3068 4.
2242 3000 2396 3069 anni
2425 3011 2579 3070 sunt

326 3104 571 3175 XXIV.
614 3104 774 3172 inde
818 3115 1044 3175 autem
1082 3104 1174 3173 ad
1216 3103 1498 3195 Olymp.
1539 3105 1819 3173 LXXV.
1867 3085 1934 3172 '1.
1985 3126 2122 3194 quo
2166 3122 2342 3172 anno
2385 3113 2579 3173 natus

330 3218 426 3275 est
454 3206 858 3299 EuripideS,
908 3216 1340 3279 numerantur
1386 3209 1540 3276 anni
1580 3208 1800 3282 XVII.
1915 3208 2100 3279 Hinc
2143 3209 2574 3281 manifestum

328 3321 456 3400 est,
525 3312 972 3404 Sophocleae
1012 3334 1287 3403 quoque
1336 3311 1510 3380 vitae
1557 3311 1958 3404 scriptorem
2024 3335 2065 3380 e
2109 3312 2390 3381 diversis
2447 3320 2573 3380 au-

328 3415 656 3500 ctoribuS,
768 3439 850 3485 ex
917 3418 1055 3485 alio
1126 3415 1429 3484 retulisse
1486 3423 1719 3483 natum
1779 3415 2206 3507 Sophoclem
2281 3413 2563 3504 olymp
2577 3426 2663 3489 24

324 3515 567 3585 LXXI.
624 3518 693 3586 2.
748 3542 832 3587 ex
870 3521 1006 3592 alio
1055 3520 1175 3588 illa
1215 3541 1821 3602 commemorasse,
1874 3541 2050 3608 quae
2094 3516 2306 3586 modo
2351 3517 2576 3606 expli-

328 3605 583 3690 6111111113
645 3620 735 3688 (16
785 3623 1142 3763 intervallo
1200 3623 1374 3691 iuter
1433 3622 1690 3701 natales
1744 3621 2098 3713 Aeschyli,
2178 3619 2575 3712 Sophoclis,
2715 3712 2719 3717 .

67 3682 70 3723 ζ
167 3771 177 3789 .
326 3732 395 3791 et
440 3723 810 3818 Euripidis

524 3933 864 4027 Apertum
922 3932 1061 4002 iam
1126 3956 1270 4003 6336
1336 3932 1625 4002 arbitror
1638 3980 1659 4018 ,
1742 3932 2142 4023 scriptorem
2205 3927 2384 4000 vitae
2425 3929 2571 3999 Ae«.-

269 4110 277 4119 ,
324 4030 539 4124 schyli
570 4036 808 4107 iniuria
852 4060 894 4104 a
924 4036 1283 4107 Boeckhio
1313 4035 1802 4128 reprehensum
1846 4059 1988 4104 esse
2003 4083 2024 4121 ,
2076 4044 2422 4125 tamquam
2452 4031 2572 4123 qui

323 4149 568 4226 poetae
611 4149 903 4209 mortem
944 4141 1033 4209 ad
1067 4141 1352 4232 Olymp.
1400 4140 1712 4208 LXXIX.
1759 4139 1827 4206 1.
1880 4138 2202 4208 retulerit.
2306 4136 2443 4222 Qui
2496 4136 2574 4223 si,
2702 4152 2709 4160 ·

326 4248 400 4307 ut
459 4241 830 4312 ostendisse
880 4244 1051 4311 mihi
1090 4243 1364 4329 videor,
1416 4265 1555 4311 non
1599 4243 1900 4340 discessit
1941 4244 2030 4310 ab
2076 4241 2221 4328 his,
2274 4242 2395 4330 qui
2427 4240 2575 4308 Ae·-

328 4342 637 4434 schylum
680 4338 964 4439 Olymp.
997 4345 1417 4416 LXXX1.1.
1472 4346 1713 4414 obiisse
1744 4355 2126 4433 narrarunt,
2178 4342 2349 4429 illud
2395 4362 2573 4430 quo-

328 4468 459 4536 que
499 4472 736 4520 verum
763 4450 845 4518 sit
873 4473 1141 4520 necesse
1170 4460 1307 4539 est,
1361 4450 1550 4542 quod
1589 4474 1792 4545 supra
1837 4450 2086 4521 eodem
2126 4457 2399 4519 auctore
2433 4465 2574 4536 po-

426 4551 674 4624 Hmuu.
742 4553 877 4629 ΟΡ.
940 4555 1030 4623 II.
1538 4616 1552 4631 ,
1888 4592 1895 4611 ,
2127 4553 2191 4621 L
