3325 5317
870 407 1354 517 rursum
1411 407 2063 516 summum.
2450 457 2583 521 228

546 624 877 697 Videntur
912 625 1229 698 Editores
1265 627 1563 697 voluisse
1579 676 1601 714 ‚
1654 635 1732 695 ut
1767 625 1885 697 hic
1934 628 2109 696 liber
2143 648 2413 696 omnem
2445 627 2571 694 lin-

314 754 523 825 guae
574 730 884 803 Graecae
898 780 919 817 ,
969 754 1145 820 quae
1187 732 1468 821 antiqffl'
1498 739 1568 799 et
1597 731 1990 823 incorrupta
2032 729 2354 800 habenda
2385 740 2577 820 esset,

339 838 722 905 ubertatem
799 858 1007 925 quam
1082 834 1587 927 diligentissime
1653 836 2062 925 explicatam
2121 832 2580 925 comprehen-

340 939 554 1009 deret.
686 937 805 1008 Ad
861 961 1019 1006 eum
1075 938 1284 1006 finem
1350 946 1668 1027 quattuor
1722 939 2143 1029 potiaeimum
2201 961 2307 1007 res
2363 947 2581 1032 erant,

338 1064 517 1133 quae
557 1041 748 1132 quod
788 1044 859 1109 in
905 1040 1264 1111 Thesauro
1277 1089 1298 1126 ,
1350 1061 1554 1130 quem
1585 1040 1979 1134 Stephanus
2004 1041 2254 1127 edidit,
2308 1040 2583 1109 deside-

337 1154 604 1231 rantur,
653 1144 1024 1237 praecipua
1051 1137 1230 1216 'cura
1255 1144 1687 1237 indigebant:
1733 1145 2030 1238 primum
2044 1194 2066 1230 ,
2115 1154 2192 1212 ut
2217 1143 2584 1213 adderetur

339 1250 577 1341 ingens
619 1249 823 1340 copia
864 1242 1388 1331 vocabulorum,
1475 1270 1656 1336 quae
1700 1250 1812 1317 vel
1861 1249 1931 1316 in
1975 1248 2119 1316 aliis
2160 1248 2397 1318 lexicis
2444 1248 2581 1316 iam

259 1427 282 1451 s
337 1352 634 1444 reposita
672 1360 859 1437 sunt,
928 1352 1041 1424 vel
1084 1351 1316 1421 adhuc
1357 1352 1429 1418 in
1470 1350 1783 1421 omnibus
1836 1352 2107 1432 desunt3
2187 1351 2579 1436 secundum,

340 1465 418 1525 ut
463 1464 533 1524 et
571 1464 976 1547 augerentur
1031 1479 1148 1539 ea,
1218 1473 1404 1543 jquae
1448 1455 1665 1523 minus
1713 1454 1918 1547 plene
1957 1456 2287 1547 explicata
2334 1479 2376 1522 a
2421 1456 2581 1524 Ste-

337 1558 574 1651 phano
618 1567 832 1628 essent
845 1607 866 1644 ,
935 1567 1005 1626 et
1047 1558 1544 1649 corrigerentur
1557 1605 1580 1644 ‚
1643 1581 1823 1648 quae
1862 1558 2079 1628 minus
2136 1569 2323 1628 recte
2364 1557 2579 1639 dicta3

335 1663 607 1732 tertium
624 1710 646 1748 ,
717 1672 794 1729 ut
843 1662 1355 1753 explanarentur
1398 1661 1547 1746 illa,
1632 1684 1810 1752 quae
1856 1672 2188 1732 certarum
2232 1661 2578 1730 doctrina-

337 1787 491 1852 rum
533 1765 815 1857 propria
863 1775 1045 1850 sunt,
1122 1787 1353 1836 earum
1393 1767 1823 1855 praesertim,
1890 1790 1932 1833 a
1981 1766 2225 1856 quibus
2267 1767 2579 1857 plerique

334 1868 863 1961 philologorum
919 1866 1274 1937 alieniores
1331 1891 1476 1936 esse
1526 1869 1745 1936 solent
1760 1916 1782 1955 ,
1849 1878 1925 1938 ut
1971 1892 2444 1960 quaecumque
2485 1868 2580 1937 ad

336 1996 443 2041 res
468 1972 923 2041 arithmeticas
936 2019 958 2057 ‚
1009 1970 1453 2062 geometricas
1469 2018 1490 2055 ‚
1540 1975 2017 2042 astronomicas
2032 2021 2053 2058 ,
2100 1973 2400 2043 medicas
2414 2022 2435 2058 ,
2488 1970 2582 2040 ad

337 2075 761 2160 animalium,
813 2076 1134 2143 arborum
1148 2123 1170 2161 ,
1222 2074 1587 2144 herbarum
1603 2125 1625 2163 ,
1684 2077 1994 2167 lapidum
2035 2086 2304 2145 naturas
2348 2088 2417 2145 et
2456 2099 2580 2144 va-

334 2181 603 2248 rietates
619 2229 640 2265 ,
692 2177 786 2247 ad
814 2177 1327 2270 philosophiam
1342 2227 1363 2263 ,
1416 2177 1712 2268 denique
1749 2180 1839 2247 ad
1871 2180 2385 2273 grammaticam
2414 2201 2581 2270 per-

332 2283 580 2361 tinent3
639 2291 986 2371 quartum,
1055 2280 1246 2372 quod
1291 2303 1501 2374 aegre
1538 2306 1752 2372 quum
1793 2284 1865 2351 in
1907 2282 2275 2375 Stephani,
2326 2289 2470 2351 tum
2507 2282 2579 2349 in

337 2385 618 2456 caeteris
664 2385 895 2454 lexicis
935 2385 1349 2453 desideratur
1363 2435 1385 2471 ,
1441 2394 1519 2452 ut
1560 2385 2017 2457 indicarentur
2045 2409 2395 2455 mensurae
2437 2386 2578 2476 syl—

334 2489 651 2558 labarum
668 2538 689 2576 ,
739 2510 915 2578 quae
952 2487 1167 2578 quum
1191 2488 1468 2582 omnino
1509 2512 1647 2558 non
1695 2491 1824 2559 sint
1865 2491 2323 2583 negligendae
2336 2537 2359 2576 ‚
2408 2498 2575 2574 tum,

333 2592 655 2684 quoniam
677 2619 688 2628 ·
699 2614 829 2684 pro
878 2592 1184 2662 dialectis
1224 2592 1698 2685 scribendique
1736 2595 2098 2687 generibus
2130 2595 2416 2684 mirifice
2452 2617 2578 2662 va-

335 2698 513 2766 riant
527 2744 548 2781 ,
615 2696 1025 2787 singularem
1087 2697 1515 2785 requirebant
1568 2698 1639 2765 in
1695 2697 2084 2767 adnotando
2131 2698 2574 2791 diligentiam.

333 2799 463 2867 His
494 2799 693 2867 rebus
727 2821 866 2888 quo
905 2801 1117 2873 modo
1151 2808 1220 2868 et
1253 2823 1384 2892 per
1416 2822 1587 2889 quos
1617 2804 1912 2871 maxime
1940 2802 2119 2871 viros
2157 2801 2579 2895 providerint

332 2903 688 2990 EditoreS,
764 2903 966 2971 valde
995 2903 1326 2972 'dolemus
1373 2926 1513 2972 non
1554 2928 1697 2973 esse
1738 2906 2124 2978 indicatum.
2238 2907 2334 2976 Et
2399 2905 2577 2975 illud

338 3006 620 3096 quidem
635 3054 656 3091 ,
722 3005 915 3095 quod
956 3014 1379 3097 postremum
1420 3009 1906 3078 nominavimus
1925 3060 1946 3097 ,
2011 3027 2393 3079 mensuram
2435 3009 2570 3101 syl-

333 3110 646 3178 labarum
659 3158 680 3195 ,
731 3110 1106 3202 neglexisse
1148 3110 1463 3179 Editores
1493 3112 1824 3181 videntur.
1925 3115 2169 3204 Neque
2209 3114 2313 3181 illi
2347 3114 2417 3181 in
2446 3134 2576 3181 no-
2667 3172 2699 3185 -

334 3213 626 3281 minibus
670 3214 966 3305 propriis
1011 3237 1151 3303 qua
1194 3216 1459 3283 ratione
1503 3215 1608 3283 usi
1651 3217 1780 3285 sint
1796 3266 1818 3305 ,
1874 3217 2184 3287 dixerunt
2198 3270 2219 3307 ,
2282 3239 2577 3307 quorum

332 3338 681 3410 perpauca
727 3319 1283 3388 commemoravit
1321 3316 1728 3410 Stephanus·
1844 3323 1939 3391 At
1953 3368 1975 3407 ,
2024 3330 2101 3391 ut
2133 3343 2257 3390 nos
2298 3321 2576 3410 quidem

335 3420 778 3506 arbitramur,
844 3420 1022 3507 haec
1076 3422 1353 3491 minime
1395 3424 1695 3492 omnium
1734 3424 2154 3518 negligenda
2189 3434 2372 3509 sunt,
2434 3445 2576 3492 non

336 3524 560 3592 solum
597 3532 883 3614 propter
930 3525 1221 3611 formas,
1269 3548 1435 3616 quas
1472 3528 1587 3596 vel
1620 3530 1811 3619 ipsa,
1860 3530 1974 3597 vel
2014 3530 2213 3598 etiam
2257 3549 2447 3618 quae>
2485 3527 2574 3594 ab

333 3627 414 3694 iis
442 3625 826 3695 derivantur
841 3674 862 3712 ,
911 3627 1116 3697 valde
1143 3631 1620 3699 memorabiles
1673 3631 1930 3699 habent
1946 3680 1968 3716 ,
2016 3630 2140 3700 sed
2184 3632 2390 3700 etiam
2417 3629 2579 3719 quia
2608 3669 2612 3680 ·
2718 3725 2727 3740 ‚

333 3752 585 3822 magna
609 3753 772 3822 ¹pars
794 3729 1046 3806 horum
1074 3733 1427 3801 nominum
1448 3734 1663 3826 longe
1710 3734 2160 3824 antiquissima
2199 3743 2351 3803 sunt
2385 3741 2578 3802 vete·-

334 3833 426 3901 ris
468 3833 893 3906 Graecorum
942 3836 1228 3929 linguae·
1284 3846 1739 3907 monumenta.
1840 3839 2159 3907 Debebat
2199 3846 2426 3906 autem
2454 3837 2459 3841 ’
2484 3837 2577 3906 ad
2636 3911 2641 3917 ,

332 3934 511 4007 haec
555 3959 687 4030 pro
743 3938 1077 4009 hodierno
1123 3948 1300 4039 statu
1346 3939 1777 4034 philologiae
1830 3940 1972 4014 hoc
2016 3942 2326 4032 quintum
2371 3961 2578 4012 acce-

335 4039 540 4127 dere,
604 4050 682 4109 ut
727 4042 798 4110 in
844 4043 1121 4136 singulis
1160 4044 1508 4116 vocabulis
1553 4045 1762 4114 etiam
1797 4046 1924 4115 viri
1962 4046 2189 4132 docti,
2241 4046 2371 4135 qur
2410 4069 2578 4138 pas-

228 4191 236 4208 2
333 4143 461 4229 sim
508 4145 581 4211 in
637 4146 900 4239 scriptis
939 4147 1071 4217 suis
1126 4171 1209 4217 ea
1252 4148 1721 4240 explicuissent
1737 4198 1759 4236 ‚
1840 4150 1954 4238 vel
2011 4148 2268 4239 aliquid
2281 4198 2304 4237 ,
2383 4149 2576 4240 quod

335 4268 588 4340 operae
614 4249 911 4341 pretium
943 4259 1113 4320 esset
1128 4298 1151 4337 ,
1204 4251 1298 4320 de
1341 4252 1419 4321 iis
1447 4253 1885 4343 protulissent
1898 4301 1919 4338 ‚
1981 4255 2350 4347 diligenter
2377 4275 2576 4324 com-

333 4361 893 4442 memorarentur,
960 4376 1100 4444 quo
1115 4405 1137 4444 ,
1198 4377 1377 4445 quae
1412 4354 1484 4422 in
1528 4357 1685 4448 ipso
1727 4358 1947 4429 lexico
2003 4361 2236 4429 locum
2288 4378 2427 4424 non
2464 4355 2574 4421 in-

304 4456 632 4530 'venirent
646 4509 667 4549 ,
719 4454 1007 4529 lectores
1021 4507 1042 4545 ,
1092 4458 1275 4529 unde
1304 4466 1542 4553 petere
1573 4461 1902 4535 deberent
1917 4510 1940 4552 ,
1988 4469 2268 4556 possent
2303 4479 2573 4554 cogno-
