3325 5317
1125 470 1786 534 nlssERrArlo.
1895 562 1901 568 .
2126 480 2131 487 ·
2342 428 2559 540 '171

530 645 733 716 Haec
780 643 988 738 igitur
1035 644 1306 715 illorum
1322 693 1345 731 ,
1413 644 1532 734 qui
1594 652 1904 715 auctores
1964 644 2241 714 fuerunt
2288 645 2564 717 istarum

317 750 779 821 narrationum
794 797 816 835 ,
870 749 1158 818 eruditio
1172 798 1194 836 ,
1243 749 1535 819 Homeri
1577 757 1805 845 autem
1835 747 2259 838 Hesiodique
2294 772 2563 819 earum-

316 855 485 924 dem
533 875 760 922 rerum
821 852 1235 943 ignorantia,
1314 851 1483 942 quid
1538 851 1726 921 aliud
1742 904 1764 941 ,
1843 876 2049 944 quam
2116 852 2327 923 veluti
2380 856 2615 929 nubet}

317 958 623 1049 dispulsa
653 955 743 1024 ad
778 954 1103 1025 immensa
1144 964 1534 1048 temporum
1578 957 1795 1049 spatia
1839 965 2279 1048 prospectum
2324 956 2565 1047 aperit,
2625 986 2634 998 ⁵

316 1063 563 1152 quibus
594 1067 662 1128 et
713 1058 987 1129 emicuit
1012 1062 1084 1128 iu
1116 1060 1410 1131 Graecia
1438 1060 1555 1128 lux
1586 1060 1952 1152 sapientiae
1966 1108 1988 1145 ‚
2044 1069 2112 1130 et
2143 1061 2327 1131 clare
2358 1060 2567 1145 fulsit,

317 1175 389 1235 et
438 1162 796 1257 paullatim
834 1184 1096 1233 rursum
1143 1165 1463 1251 exstincta
1514 1170 1631 1232 est.
1733 1162 2062 1235 Videmus
2105 1185 2333 1244 rerum
2391 1163 2569 1232 divi-

314 1290 557 1339 uarum
593 1266 1177 1356 humanarumque
1220 1266 1565 1338 scientiam
1608 1289 1693 1335 ex
1734 1268 1898 1337 Asia
1933 1290 2061 1358 per
2101 1266 2383 1357 Lyciam
2434 1266 2568 1335 mi·-

295 1360 635 1464 ⁴grantem
680 1368 751 1437 in
770 1372 1179 1463 *Europam
1242 1371 1550 1440 videmus
1588 1370 1936 1440 fabulosos
1973 1379 2225 1462 poetas,
2252 1369 2570 1463 peregri-

233 1482 254 1497 ‘
316 1498 482 1545 nam
522 1473 899 1542 doctrinam
916 1523 937 1560 ,
1003 1482 1428 1553 monstruoso
1477 1482 1746 1543 tumore
1791 1474 2062 1543 orientis
2094 1474 2231 1543 sive
2275 1482 2566 1560 exutam,

319 1579 462 1648 sive
513 1576 818 1646 nondum
880 1576 1187 1646 indutam
1201 1625 1223 1663 ,
1288 1577 1482 1667 quasi
1538 1576 1630 1646 de
1684 1578 1952 1670 integro
2002 1578 2272 1648 Graeca
2338 1577 2570 1669 specie

316 1666 792 1774 procreantes3
848 1681 1156 1757 videmus
1197 1691 1439 1775 poetas
1483 1679 1673 1765 illos,
1726 1704 2020 1770 quorum
2071 1673 2372 1751 omnium
2409 1703 2606 1749 vera„

316 1784 593 1861 nomina
621 1783 998 1855 nominibus
1046 1785 1146 1853 ab
1182 1794 1325 1855 arte
1342 1833 1364 1870 ,
1431 1808 1568 1877 qua
1601 1786 1949 1861 clarebant
1963 1835 1985 1873 ,
2035 1785 2262 1877 petitis
2290 1784 2572 1854 oblitte-

318 1896 462 1957 rata
493 1897 643 1956 sunt
656 1935 678 1973 ,
719 1887 838 1954 diu
861 1889 931 1956 in
958 1888 1263 1960 Thracia
1295 1888 1650 1959 haerentes
1666 1936 1689 1974 ,
1740 1911 2035 1979 raroque
2059 1886 2335 1958 tandem
2364 1887 2570 1957 etiam

322 2013 481 2062 cum
539 1990 686 2058 aliis
742 1990 1077 2064 Graeciae
1152 1993 1453 2084 partibus
1507 1993 1920 2064 commercio
1985 1992 2279 2062 iunctos:
2353 1991 2570 2081 qualis

279 2129 294 2137 ‘
320 2093 673 2184 Pamphus
691 2141 713 2178 ,
790 2116 930 2163 non
966 2097 1117 2187 ipse
1164 2095 1588 2166 Atheniensis
1603 2144 1625 2181 ‚
1692 2094 2212 2165 Atheniensibus
2274 2094 2569 2185 hymnos

319 2197 610 2266 deorum
639 2195 837 2277 fecit3
886 2198 1192 2267 videmus
1223 2199 1516 2287 denique
1556 2209 1886 2268 retrusam
1923 2198 2283 2289 paullatim
2312 2199 2382 2266 in
2414 2222 2570 2290 my-

319 2301 676 2371 steriorum
721 2311 977 2372 secreta
1012 2303 1203 2371 illam
1243 2303 1622 2396 sapientum
1659 2303 2038 2372 doctrinam
2065 2302 2366 2372 vitiatam
2403 2302 2568 2370 reli·-

317 2406 610 2498 gionum
666 2406 1174 2493 perturbatione
1192 2458 1214 2495 ‚
1301 2415 1692 2497 corruptam
1771 2406 2029 2476 inscitia
2102 2406 2567 2497 interpretum,

317 2510 751 2578 obscuratam
788 2507 1061 2578 levitate
1090 2511 1479 2580 amoeniora
1508 2509 1900 2579 sectantium
1918 2558 1940 2596 ,
1992 2508 2168 2577 adeo
2203 2519 2280 2577 ut
2307 2533 2460 2579 eam
2481 2532 2570 2579 ne

318 2612 422 2680 illi
451 2608 727 2700 quidem
749 2612 1233 2705 intelligerent,
1285 2615 1403 2702 qui
1439 2613 1916 2682 hereditariam
1957 2636 1999 2680 a
2018 2612 2363 2704 prioribus
2393 2635 2572 2704 poe-

320 2716 443 2784 sin
453 2714 749 2784 colentes
764 2763 785 2800 ,
836 2740 1051 2806 quum
1097 2718 1349 2809 ingemi
1392 2717 1789 2789 excellentia
1814 2740 2048 2786 omnes
2094 2718 2572 2838 praestingue-

317 2827 503 2905 rent,
576 2826 760 2895 tanta
801 2820 955 2889 illos
1013 2822 1356 2891 oblivione
1404 2829 1811 2910 merserunt,
1879 2830 1955 2891 ut
2009 2821 2145 2913 ipsi
2184 2821 2311 2891 sint
2365 2822 2569 2914 primi

319 2931 628 2991 auctores
654 2924 869 2991 omnis
898 2925 1285 2995 eruditionis
1323 2925 1559 2994 habiti.
1661 2925 1930 2995 Nobilis
1959 2936 2059 2994 est
2089 2925 2326 2995 hanc
2306 2949 2377 2993 m
2419 2949 2569 2995 rem

319 3026 644 3094 sententia
667 3025 1045 3113 Herodoti,
1096 3030 1214 3118 qui
1238 3030 1362 3097 etsi
1386 3052 1527 3099 non
1551 3024 1774 3114 recte,
1823 3039 2088 3114 tamen,
2139 3039 2216 3098 ut
2244 3030 2370 3098 illo
2386 3064 2398 3077 ·
2413 3031 2571 3119 qui-

320 3129 484 3198 dem
513 3151 680 3197 aevo
700 3178 722 3218 ,
776 3130 1159 3202 admirabili
1198 3133 1674 3224 perspicientia
1688 3181 1710 3219 ,
1760 3133 2020 3203 lib.11
2070 3155 2131 3203 c.
2172 3130 2299 3202 53.
2345 3135 2442 3202 ita
2479 3132 2571 3203 de

317 3233 631 3301 Homero
664 3242 733 3301 et
762 3235 1102 3305 Hesiodo
1119 3237 1385 3307 scribit:
1453 3233 1672 3311 οὗτοι
1711 3237 1795 3310 δέ
1835 3239 1979 3309 εἰσι
2020 3243 2094 3311 οἱ
2139 3229 2572 3334 ποιήσαντες

316 3335 707 3460 θεογονίην
746 3330 1096 3463 Ελλησι)
1185 3340 1307 3413 καὶ
1359 3347 1587 3414 τοῖσι
1655 3345 1900 3414 θεοῖσι
1964 3368 2098 3422 τας
2165 3339 2571 3433 ἐπωνυμίας

321 3433 611 3527 δόντες,
688 3440 807 3513 καὶ
850 3437 1072 3535 τιμάς
1120 3464 1214 3517 τε
1247 3443 1369 3517 abel
1425 3446 1681 3535 τέχνας
1731 3436 2134 3533 διελόντες,
2188 3471 2321 3516 και
2373 3445 2569 3516 εἴδεα

320 3537 570 3614 αὐτῶν
617 3537 1105 3640 σημήναντες·
1178 3552 1250 3618 οἱ
1298 3547 1376 3621 δὲ
1423 3539 1788 3643 πρότερον
1840 3546 2143 3642 ποιηταὶ
2188 3537 2570 3638 λεγόμενοι

319 3637 610 3721 τούτων
662 3646 811 3720 τῶν
868 3644 1188 3773 ἄνδρων
1207 3650 1599 3744 γενέσθαι,
1665 3673 2048 3743 voa-spor,
2089 3647 2256 3740 ἐμοί
2302 3675 2383 3739 γε
2433 3650 2568 3720 δο-

320 3747 512 3821 κέειν
534 3796 556 3836 ,
639 3749 974 3842 ἐγένοντο
1048 3744 1356 3827 τούτων.
1477 3752 1706 3837 Quem
1763 3752 2012 3820 mirum
2068 3759 2167 3820 est
2236 3749 2611 3838 quosdam⁴

318 3870 460 3918 nou
527 3851 828 3945 vulgaris
888 3853 1239 3926 doctrinae
1299 3856 1477 3926 viros
1542 3854 1686 3926 hoc
1745 3854 1977 3931 dicere
2038 3853 2350 3951 opinatos
2407 3879 2570 3942 esse,

320 3953 582 4046 primos
597 4002 619 4040 ,
699 3955 817 4046 qui
871 3959 1170 4029 versibus
1226 3983 1338 4030 eas
1377 3983 1487 4029 res
1542 3967 1958 4051 exponerent
1971 4007 1993 4045 ,
2060 3960 2447 4029 Homerum
2504 3969 2572 4031 et

265 4104 298 4119 ι
322 4056 711 4127 Hesiodum
758 4058 995 4130 fuisse:
1060 4052 1253 4152 quod
1308 4088 1352 4132 a
1365 4142 1384 4150 Ι
1398 4072 1628 4141 mente
1675 4063 1817 4131 eius
1876 4063 2351 4133 alienissimum
2407 4088 2571 4150 esse,

324 4163 763 4253 perspicuum
802 4175 921 4235 est.
1020 4166 1225 4238 Hanc
1267 4188 1431 4237 vero
1474 4176 1617 4235 tam
1663 4167 2058 4237 immensam
2086 4169 2572 4258 praestantissi-

326 4285 597 4333 morum
636 4278 1229 4339 monumentorum
1284 4274 1613 4342 iacturam
1671 4271 1897 4362 aliqua
1955 4271 2199 4345 saltem
2240 4294 2325 4340 ex
2376 4279 2570 4363 parte

329 4386 772 4462 compensare
825 4374 1197 4465 poterimus
1254 4373 1732 4466 investigandis
1745 4424 1767 4462 ,
1816 4398 2288 4466 quaecumque
2331 4397 2570 4465 super-

333 4483 485 4542 sunt
512 4495 751 4545 eorum
795 4478 1091 4571 uestigiis
1106 4502 1129 4548 ς
1179 4480 1424 4570 quibus
1458 4477 1822 4574 diligenter
1860 4479 2203 4565 collectis,
2253 4488 2570 4569 recteque
