3325 5317
667 408 801 473 248
1108 400 1544 468 cENsvnA
1592 387 1917 466 Nova'ss
1971 401 2468 464 Em'rloms

540 563 548 568 ’
671 575 771 647 27
777 576 846 650 2.
900 576 1170 658 dicunt,
1216 595 1341 646 nos
1377 576 1447 641 in
1481 573 1837 644 Addendis
1876 573 1968 643 ad
2013 571 2325 666 Orphica
2358 597 2430 665 p.
2477 596 2624 647 xxv,
2679 573 2918 643 trede-

565 696 576 705 ”
670 682 805 751 cim
832 702 1056 749 versus
1083 678 1395 745 Hermeti
1434 678 1619 770 apud
1639 678 2036 747 stobaeum
2069 677 2223 748 Ecl.
2261 678 2306 744 i.
2352 675 2422 744 6.
2454 699 2527 767 p.
2565 675 2739 744 174.
2787 679 2926 745 tri—-

668 786 871 852 butos
886 831 907 867 ,
984 790 1142 874 post
1183 781 1600 850 Heerenium
1642 779 1966 874 Orphicis
2013 780 2413 852 carminibus
2461 779 2912 848 adnumeran-
2990 829 2997 836 -

670 887 798 954 dos
838 893 1079 976 putare
1096 932 1118 969 ,
1165 885 1337 953 alios
1378 895 1602 952 autem
1643 884 1961 955 undecim
1993 882 2307 953 debuisse
2341 883 2690 969 adnotare,
2742 905 2912 972 quos

666 990 855 1061 idem
900 988 1272 1056 Heerenius
1307 985 1596 1080 Orpheo
1637 987 2094 1057 vindicaverit.
2193 987 2290 1055 At
2329 1008 2454 1055 nos
2493 987 2907 1056 Heerenium
2990 1025 2995 1041 =

666 1093 821 1160 illos
861 1090 1186 1160 tredecim
1234 1113 1461 1161 versus
1502 1090 2044 1160 adnumerandos
2087 1073 2411 1180 Orphicis
2441 1099 2683 1181 putare
2734 1089 2910 1158 dixi-

667 1218 851 1280 mus,
910 1213 1047 1289 non
1113 1195 1312 1263 etiam
1329 1242 1352 1280 ,
1416 1217 1539 1263 nos
1597 1196 1695 1263 ita
1744 1195 2007 1268 sentire.
2120 1192 2349 1262 Valde
2402 1194 2583 1261 enim
2641 1192 2910 1260 dubita-

666 1319 816 1368 mus
832 1345 853 1382 ,
921 1321 1007 1367 an
1057 1297 1135 1365 hi
1174 1320 1435 1384 versus,
1516 1298 1607 1368 de
1651 1298 1891 1387 quibus
1934 1297 2369 1385 caeteroquin
2425 1296 2911 1366 accuratmime

668 1409 1119 1494 exposuerunt
1164 1401 1484 1469 Editores
1536 1400 1908 1487 Thesauri,
1977 1423 2116 1469 non
2168 1400 2297 1467 sint
2347 1398 2642 1491 Orphici
2659 1451 2683 1489 ,
2753 1400 2799 1468 i.
2848 1423 2909 1472 e.

667 1527 908 1574 eorum
968 1514 1318 1574 auctorum
1365 1505 1738 1594 cuiuspiam
1755 1552 1778 1590 ,
1829 1529 1873 1572 a
1920 1505 2166 1593 quibus
2204 1503 2324 1571 illa
2368 1503 2689 1594 profecta
2740 1511 2908 1589 sunt,

667 1631 844 1698 quae
891 1605 1183 1698 Orpheo
1235 1609 1322 1674 ab
1368 1607 1847 1695 antiquioribus
1894 1606 2376 1675 adscribuntur.
2480 1608 2659 1676 Nam
2692 1615 2763 1675 et
2800 1627 2908 1682 ar:-
2986 1669 2989 1674 s

665 1721 1068 1803 gumentum
1106 1708 1346 1800 paullo
1387 1707 1574 1777 aliud
1604 1709 1906 1798 videtur,
1962 1731 2090 1779 nec
2139 1709 2409 1780 dicendi
2455 1731 2671 1802 genus
2703 1710 2905 1800 plane

667 1837 826 1884 cum
856 1813 1132 1883 caeteris
1160 1812 1489 1881 convenit.
1595 1812 1808 1898 Quod
1851 1835 2015 1881 vero
2057 1812 2147 1880 ad
2192 1812 2507 1881 undecim
2549 1813 2726 1897 illos,
2777 1814 2907 1881 sive

667 1917 912 1985 decem
956 1915 1216 2006 potiuS,
1267 1938 1493 1984 versus
1535 1917 1801 2001 attinet,
1852 1917 1942 1985 ab
1977 1915 2223 1984 eodem
2252 1916 2556 1985 Stobaeo
2593 1916 2665 1983 in
2680 1916 2907 1987 'Eclo-

665 2020 774 2112 gis
828 2019 871 2086 i.
920 2017 991 2086 3.
1058 2042 1130 2110 p.
1176 2016 1299 2087 68.
1362 2028 1689 2109 servatos,
1738 2042 1886 2091 ‘eos
1933 2020 2137 2089 etiam
2182 2042 2509 2112 negamus
2562 2017 2908 2111 Orphicos

668 2146 842 2207 esse,
912 2122 966 2189 si
1019 2145 1158 2191 non
1217 2122 1391 2200 aliis,
1431 2121 1522 2191 de
1583 2123 1863 2209 caussiS,
1942 2133 2126 2193 certe
2197 2133 2485 2216 propter
2546 2123 2911 2194 dialectum

664 2226 1010 2297 Doricam.
1114 2225 1345 2312 Quare
1393 2225 1583 2315 quod
1628 2227 1813 2297 aiunt
1830 2275 1852 2313 ,
1916 2226 2286 2298 vindicasse
2332 2226 2745 2295 Heerenium
2777 2226 2908 2295 hos
2973 2262 2990 2270 ’-

664 2352 891 2398 versus
930 2326 1258 2419 Orpheo,
1338 2329 1412 2396 id
1482 2330 1808 2399 vellemus
1870 2330 2278 2424 argumentis
2330 2329 2908 2399 demonstrassent.

663 2434 979 2522 Namque
1024 2432 1129 2499 illi
1174 2430 1639 2524 Orphicorum
1688 2433 2073 2506 conditores
2115 2456 2254 2502 non
2297 2434 2432 2501 alia
2472 2433 2769 2504 dialecto
2813 2433 2912 2501 usi

666 2546 853 2622 sunt,
920 2545 1034 2604 aut
1096 2537 1195 2604 uti
1252 2546 1652 2628 potuerunt,
1733 2561 1941 2627 quam
1999 2560 2122 2623 ea,
2202 2539 2381 2626 quae
2451 2538 2539 2606 ab
2600 2538 2908 2606 omnibus

666 2639 948 2708 Graecis
981 2640 1584 2729 antiquissimorum
1613 2651 1972 2732 poetarum
2013 2641 2248 2732 lingua
2278 2640 2675 2710 haberetur-z
2729 2640 2909 2709 unde

663 2742 745 2810 iis
785 2766 830 2809 a
877 2741 1134 2811 Dorica
1192 2744 1660 2815 abstinendum
1719 2744 1867 2812 fuit.
1980 2744 2342 2813 Praeterea
2387 2753 2552 2813 ver'o
2610 2743 2783 2814 nihil
2838 2745 2911 2812 in

663 2845 802 2924 istis
843 2845 1138 2914 versibus
1184 2855 1319 2930 est,
1391 2847 1583 2936 quod
1636 2870 1777 2916 non
1821 2870 2038 2935 aeque
2088 2872 2132 2915 a
2178 2848 2417 2937 quovis
2460 2849 2634 2933 alio,
2702 2870 2908 2938 quam

661 2948 758 3016 ab
811 2944 1125 3039 Orphico
1169 2951 1529 3041 scriptore,
1611 2951 1747 3026 dici
1790 2952 2110 3042 potuerit.
2230 2952 2478 3041 quue
2518 2952 2773 3037 minus,
2835 2959 2910 3019 ut

666 3072 1014 3142 speramus
1034 3100 1057 3137 ,
1133 3053 1547 3121 mirabuntur
1592 3054 1912 3124 Editores
1970 3054 2335 3123 doctissimi
2349 3104 2372 3142 ,
2455 3055 2647 3145 quod
2689 3076 2909 3143 neque

663 3175 878 3242 quum
934 3152 1249 3244 Orphica
1308 3156 1660 3226 ederemus
1677 3208 1699 3245 ,
1796 3180 2023 3226 versus
2062 3159 2220 3226 illos
2278 3158 2909 3232 commemorandos

661 3257 1041 3350 putavimus
1059 3305 1080 3342 ,
1149 3281 1370 3348 neque
1412 3281 1591 3330 nunc
1638 3259 2039 3329 adducimur
2055 3309 2076 3346 ,
2139 3269 2216 3329 ut
2255 3284 2374 3330 eos
2413 3251 2738 3351 Orphieis
2777 3259 2904 3329 ad-

661 3360 1112 3429 numerandus
1189 3384 1335 3431 esse
1385 3362 1605 3460 ‘nobis
1681 3364 2227 3453 persuadeamus.
2363 3364 2506 3433 Sed
2590 3364 2907 3454 quoniam

661 3462 865 3533 valde
912 3464 1216 3557 corrupti
1264 3473 1449 3553 sunt,
1517 3487 1741 3555 neque
1785 3488 1903 3535 eos
1947 3467 2308 3537 emendare
2352 3467 2616 3560 placuit
2658 3468 2903 3536 Edito-

661 3567 845 3636 ribus
875 3568 1210 3640 Thesauri
1226 3619 1248 3656 ,
1310 3570 1549 3662 paullo
1595 3571 1961 3641 correctius
2009 3571 2292 3660 scriptos
2341 3572 2649 3647 dabimus
2663 3619 2686 3656 ,
2720 3593 2907 3660 qua-

662 3691 815 3739 rum
871 3679 1097 3743 tamen
1158 3674 1654 3745 correctionum
1698 3683 1966 3766 partem
2009 3674 2253 3758 Grotio
2269 3723 2290 3760 ,
2358 3675 2682 3746 Piersono
2696 3723 2719 3761 ,
2794 3674 2907 3744 Ia·-

665 3774 898 3844 oobsio
939 3786 1293 3870 acceptam
1326 3778 1715 3850 referimus·

570 3989 658 4052 28
873 3975 1274 4073 Ἡρακλέος
1324 3982 1727 4080 κρατεροῦ,
1783 3980 1859 4064 ὃς
1897 3981 2036 4076 γὸἷν
2072 3976 2436 4079 ἕκοῖθαρεν
2479 3979 2802 4072 ἅπασαν,

871 4077 1298 4175 πετροβατα
1342 4113 1424 4157 τε
1470 4086 1657 4158 θεοῦ
1670 4140 1699 4175 ,
1756 4080 2004 4167 Πανός
2050 4085 2344 4179 νομίοιο
2387 4079 2752 4181 βρυάκτα,

872 4184 1172 4256 θνατῶν
1207 4183 1281 4257 τ’
1321 4188 1618 4284 ιατῆρος
1646 4184 2095 4286 Ἀσκληπιοῦ
2144 4185 2584 4281 ὀλβιοδοίτα,

871 4287 1308 4381 πρεσβίστας
1344 4317 1426 4362 τε
1468 4298 1671 4371 θεοῖς
1699 4288 1796 4363 Υ
1782 4319 2009 4383 γιειας
2041 4286 2595 4415 μειλιχοδῶρου,

870 4388 1083 4463 ναυσί
1128 4418 1175 4464 τ
1246 4395 1323 4464 ἐν
1356 4386 1799 4491 ὠκυπόροισι
1832 4388 2295 4492 Διοςκούρων
2325 4388 2765 4491 ἑπιφοίντων,
