3325 5317
656 487 746 553 38
827 485 945 547 DE
982 483 1399 546 LEGIBVS
1451 480 2019 559 QVIBVSDAM
2077 480 2827 543 SVBTILIORIBVS

657 657 885 729 multis
936 656 1132 727 factis
1147 704 1170 741 ‚
1232 678 1527 745 quorum
1564 655 1823 725 notatio
1871 654 2086 722 verbo
2140 654 2412 725 adiecto
2456 654 2659 736 inest,
2721 654 2897 721 inud

658 762 1002 854 designet,
1068 760 1554 850 quodcumque
1600 760 1804 829 alicui
1856 760 2163 849 cogitare
2204 760 2496 827 libuerit-
2627 758 2896 825 Eadem

658 866 829 935 ratio
876 874 977 933 est
1019 864 1428 935 coniunctivi
1470 864 1540 931 in
1579 866 1781 932 rebus
1824 863 2301 953 praesentibus,
2422 860 2561 931 od.
2605 888 2671 932 τ.
2717 859 2893 934 515.

658 962 899 1063 αὐτοῖο
950 961 1130 1064 ἐπῆν
1179 960 1307 1050 νιῗξ
1355 968 1577 1063 ἔλθῃ,
1646 965 1846 1063 ἕλῃσί
1859 983 1978 1038 ‘ve
2027 972 2267 1047 κοῖτος
2319 964 2688 1050 ἅπαντας,
2742 971 2897 1037 uzi-

656 1098 800 1167 μαι
859 1071 966 1144 ἑνὶ
1015 1072 1307 1167 λέκτρῳ.
1409 1072 1587 1138 Nam
1631 1072 1688 1138 si
1728 1072 1798 1137 in
1837 1068 1947 1138 his
1979 1069 2316 1138 vertendis
2342 1066 2684 1136 vocabulo
2724 1091 2899 1159 quo-

657 1176 791 1244 ties
814 1174 914 1242 uti
950 1174 1150 1259 licet,
1205 1196 1287 1241 ea
1316 1194 1455 1241 non
1486 1174 1888 1245 coniunctivi
1910 1173 2120 1243 virtus
2166 1183 2298 1259 est,
2349 1172 2472 1240 sed
2510 1171 2704 1238 verbi
2744 1178 2898 1242 κεῖ-

656 1304 841 1372 μαι,
913 1300 997 1345 ex
1042 1299 1183 1367 quo
1222 1275 1313 1346 de
1363 1300 1441 1345 re
1498 1278 1697 1345 solita
1738 1276 1891 1346 fieri
1932 1299 2314 1345 sermonem
2356 1299 2498 1344 esse
2539 1273 2902 1364 cognosci-

632 1387 786 1450 tur.
889 1380 1032 1450 Sed
1076 1381 1311 1471 quaeri
1348 1382 1634 1471 poterit,
1698 1403 1786 1447 an
1829 1380 2117 1464 Graeci,
2182 1380 2306 1450 ubi
2363 1378 2454 1448 de
2496 1378 2914 1467 repetitione

656 1484 885 1576 agitur
901 1532 923 1569 ,
979 1484 1186 1553 etiam
1238 1487 1580 1575 praesenti
1626 1483 1961 1551 iunxerint
2018 1484 2413 1574 optativum.
2519 1480 2732 1566 Quod
2776 1481 2902 1548 etsi

653 1588 726 1656 in
768 1609 841 1654 se
880 1587 1035 1679 ipso
1078 1588 1255 1656 nihil
1300 1587 1514 1656 habet
1538 1636 1560 1673 ,
1635 1588 1828 1676 quod
1873 1596 2244 1679 repugnet,
2310 1597 2539 1653 tamen
2596 1605 2734 1652 non
2792 1586 2903 1652 vi-

656 1690 861 1759 detur
895 1701 1155 1759 temere
1197 1690 1735 1761 concedendum.
1836 1692 1993 1758 Non
2036 1691 2383 1759 retulerim
2428 1688 2570 1757 huc
2614 1687 2787 1755 illud
2815 1688 2895 1755 11.

657 1822 731 1868 α.
784 1789 963 1867 549.
1018 1793 1105 1866 ὃν
1131 1795 1216 1867 δέ
1237 1822 1280 1868 ιι
1355 1788 1534 1888 ἑγων
1577 1796 1917 1886 ἐθέλοιμι
1946 1779 2145 1867 θεοῖν
2190 1787 2566 1865 ἀπανευθε
2611 1791 2899 1884 νοῆσαι,

657 1889 845 1990 μήτι
887 1922 976 1968 συ
1016 1897 1257 1971 ταῦτα
1303 1902 1571 1971 ἕκαστα
1615 1898 1922 1992 διείρεο,
1971 1897 2153 1994 μηδὲ
2189 1890 2539 1989 μετάλλα.
2643 1893 2900 1961 Mirum

656 1999 839 2067 enim
876 1999 1091 2087 foret,
1143 2002 1215 2069 ni
1255 2000 1683 2070 Aristarchus
1724 1999 1882 2083 hic,
1931 2009 2007 2069 ut
2056 2028 2105 2071 ι.
2146 1999 2320 2068 397.
2376 1999 2697 2088 ἐθέλωμι
2736 1996 2903 2065 scri-

653 2102 911 2193 psisset.
1017 2102 1164 2173 Sed
1205 2102 1346 2173 duo
1392 2104 1505 2172 alii
1546 2104 1690 2174 loci
1743 2103 1956 2172 maius
2017 2111 2437 2172 momentum
2480 2099 2772 2169 habent:
2837 2103 2899 2173 δ.

658 2203 835 2273 343.
875 2199 1139 2301 πρώτω
1185 2201 1325 2304 γιὶρ
1378 2207 1498 2279 καὶ
1549 2201 1802 2289 δαιτός
1852 2201 2351 2298 ἀκουάζεσθον
2379 2209 2619 2298 ἐμεῖο,
2672 2197 2902 2276 ὁππό-

655 2335 743 2382 τε
795 2311 1015 2381 δαῑτα
1066 2311 1407 2406 γέρουσιν
1470 2310 1984 2406 ἐφοπλίζωμεν
2033 2306 2356 2401 ’Λχαιοί.
2458 2305 2912 2377 Thierschius.

655 2412 937 2502 quidem
985 2436 1057 2504 p.
1105 2412 1278 2481 194.
1331 2408 1832 2501 ἀκουάζεσθον
1878 2413 2144 2504 putavit
2208 2411 2686 2503 imperfectum
2737 2433 2903 2491 esse,

654 2517 727 2583 in
767 2537 908 2605 qua
948 2533 1027 2583 re
1065 2540 1195 2588 nec
1247 2517 1532 2602 ducem,
1596 2517 1791 2607 quod
1833 2519 2076 2602 sciam,
2144 2516 2420 2598 habuit,
2504 2537 2727 2603 neque
2771 2509 2904 2580 ha-

655 2618 883 2703 bebit,
950 2621 1233 2710 opinor,
1300 2623 1418 2710 qui
1470 2631 1805 2709 sequatur.
1922 2620 2247 2704 Quamvis
2292 2628 2518 2686 autem
2575 2618 2779 2690 facile
2820 2638 2905 2685 ex

656 2722 997 2790 simillimo
1053 2723 1215 2792 loco
1263 2747 1327 2790 v.
1373 2721 1545 2790 260.
1605 2723 2065 2804 coniunctivus
2106 2723 2339 2791 inferri
2379 2723 2627 2811 possit,
2678 2731 2906 2788 tamen

546 2839 551 2846 ’
655 2827 753 2893 ita
779 2834 1162 2894 constanter
1206 2848 1438 2893 omnes
1469 2827 1843 2915 optativum
1888 2833 2194 2912 tuentur,
2244 2835 2321 2892 ut
2363 2848 2561 2907 eum,
2611 2825 2739 2891 nisi
2789 2825 2908 2912 qui

657 2928 1049 3026 temerarius
1085 2928 1204 3012 sit,
1286 2928 1395 2996 vix
1440 2928 1748 2997 videatur
1782 2939 2151 2997 mutaturus
2200 2951 2362 2997 esse.
2482 2928 2677 2997 Alter
2712 2929 2907 2998 locus

658 3040 758 3098 est
795 3027 934 3098 od.
970 3058 1047 3101 ω.
1082 3029 1257 3098 343.
1310 3032 1496 3105 ἔνθα
1544 3029 1612 3106 δ
1665 3026 1812 3105 civo?
1864 3031 2226 3128 σταφυλαι
2276 3037 2629 3105 παντοῖαι
2669 3033 2901 3118 ἔασιν,

663 3127 945 3206 ὁππότε
997 3127 1088 3228 δη
1138 3128 1316 3215 Διος
1367 3131 1555 3228 ὧραι
1608 3134 2063 3230 ἐπιβρίσειαν
2110 3136 2457 3232 ὕπερθεν.
2577 3136 2783 3204 Hunc
2830 3144 2905 3201 ut

548 3236 942 3326 22regulae
1012 3238 1566 3306 accommodaret
1624 3239 2101 3324 ThierschiuS,
2182 3240 2556 3308 inauditum
2616 3238 2783 3327 quid
2839 3247 2908 3305 et

660 3362 843 3432 pene
884 3339 1285 3408 incredibile
1313 3354 1734 3410 commentus
1767 3352 1887 3428 est,
1938 3345 2143 3416 ἔασιν
2176 3344 2525 3432 antiquum
2553 3365 2699 3410 esse
2740 3363 2906 3432 per-

659 3443 938 3513 fectmn.
1039 3443 1121 3511 In
1162 3468 1300 3532 qua
1343 3468 1421 3514 re
1466 3445 1631 3513 alius
1677 3445 1909 3515 adhuc
1924 3495 1946 3532 ,
1997 3447 2190 3534 isque
2232 3448 2447 3514 maior
2497 3446 2698 3513 etiam
2736 3446 2907 3512 inest

659 3568 884 3632 error,
937 3548 1131 3636 quia,
1184 3547 1238 3615 si
1275 3572 1411 3616 non
1442 3558 1672 3639 potest
1715 3571 1873 3618 cum
1918 3559 2272 3641 praesente
2314 3549 2610 3621 construi
2650 3549 2907 3639 optati-

661 3673 778 3720 vus
821 3652 946 3718 ista
981 3652 1398 3743 repetitionis
1434 3653 1921 3744 significatione
1936 3701 1957 3738 ,
2025 3675 2163 3720 non
2199 3655 2414 3745 magis
2459 3653 2711 3744 poterit
2748 3675 2908 3719 cum

658 3754 1004 3845 perfecto:
1069 3756 1251 3825 unde
1290 3755 1702 3826 Thiersehio
1749 3756 1932 3825 hanc
1973 3777 2245 3824 omnem
2282 3758 2611 3824 rationem
2659 3777 2905 3845 parum

658 3866 1088 3950 perspectam
1116 3860 1316 3930 fuisse
1344 3861 1655 3931 coniicio.
1759 3858 1945 3927 Mihi
1990 3851 2270 3948 quidem
2298 3860 2429 3927 hos
2458 3860 2651 3928 locos
2677 3859 2908 3927 consi—

664 3959 926 4027 deranti
968 3961 1234 4031 videtur
1277 3966 1614 4055 optativus
1675 3964 1769 4031 ita
1821 3985 1977 4031 cum
2022 3973 2374 4053 praesente
2392 4012 2413 4048 ,
2494 3985 2633 4052 quo
2677 3963 2907 4050 aliqua
2971 4043 2978 4056 ¹

659 4063 974 4153 repetitio
1022 4068 1437 4136 contineatur
1452 4117 1474 4153 ,
1526 4069 1761 4137 locum
1802 4067 2093 4151 habere,
2159 4068 2212 4136 si
2273 4091 2407 4135 nou
2422 4115 2443 4152 ,
2507 4077 2581 4135 ut
2618 4066 2688 4134 in
2734 4088 2905 4137 con-

660 4167 993 4264 iunqtivm
1047 4169 1139 4236 ad
1189 4169 1485 4237 futuram
1502 4219 1523 4254 ,
1592 4170 1717 4239 sed
1761 4169 1852 4238 ad
1899 4171 2331 4261 praeteritam
2375 4180 2642 4263 partem
2697 4191 2907 4261 prae-

663 4269 862 4338 sentis
911 4272 1329 4362 respiciatur.
1448 4274 1626 4341 Nam
1652 4276 1739 4348 ,in
1792 4275 2022 4366 priore
2063 4275 2223 4344 loco
2240 4325 2262 4370 ,
2332 4275 2521 4365 quod
2581 4271 2906 4341 hactenus

660 4374 917 4444 factum
947 4375 1065 4461 sit,
1115 4376 1597 4468 exprobratur3
1650 4378 1718 4444 in
1767 4378 1978 4444 altero
2012 4388 2236 4447 autem
2269 4380 2360 4447 de
2394 4379 2635 4447 vitibus
2682 4397 2904 4445 sermo

663 4487 797 4562 est,
849 4500 1017 4569 quas
1063 4502 1238 4573 puer
1281 4480 1551 4571 Vlysses
1593 4481 1763 4549 olim
1808 4503 1851 4546 a
1896 4487 2095 4569 patre
2146 4482 2515 4573 acceperitt
2579 4503 2748 4570 quas
2791 4479 2911 4547 ille
