3325 5317
666 470 959 536 REGIS
1013 468 1621 537 SOL'EMNIBVS
1683 469 2301 542 SEMISAECVL.
2427 474 2585 538 -aao

354 645 508 730 ciis,
557 652 808 715 novum
847 645 977 714 me
1015 643 1158 717 hoc
1196 646 1424 732 nobis,
1473 653 1866 736 tantumque
1882 696 1904 734 ‚
1955 668 2096 738 quo
2132 668 2270 716 non
2314 653 2585 739 poterat

354 749 603 834 maius,
655 749 901 818 amoris
943 750 1045 818 sui
1095 749 1575 819 documentum
1621 749 1848 836 dedit,
1912 774 2125 840 quum
2165 751 2282 820 ΤΒ
2320 749 2409 817 ad
2457 770 2584 818 nos

352 852 537 921 misit·
573 874 735 921 suae
795 875 963 944 erga
1011 874 1134 920 nos
1175 854 1531 923 voluntatis
1586 862 1826 922 testem
1875 863 2078 943 atque
2125 855 2572 946 interpretem.
2586 866 2673 929 22

357 955 565 1024 Salve
603 976 772 1047 ergo
789 1004 810 1040 ,
877 951 1360 1025 Snnnm'ssmn
1412 957 1769 1026 Pamcnrs
1783 1009 1805 1044 ‚
1871 959 2057 1026 salve
2114 959 2317 1026 etiam
2379 964 2585 1046 atque

353 1058 556 1126 etiam
574 1105 596 1144 ,
660 1058 780 1147 qui
822 1081 978 1148 spes
1018 1082 1091 1126 es
1139 1061 1441 1151 patriae,
1514 1060 1587 1128 in
1630 1082 1838 1148 quem
1900 1061 2197 1131 omnium
2252 1054 2597 1128 intuentur

350 1162 568 1247 oculi,
633 1184 839 1250 quem
871 1161 1073 1231 huius
1110 1162 1345 1233 Bners
1398 1162 1608 1231 nostri
1646 1163 1934 1242 similem
1973 1164 2124 1233 fore
2164 1164 2405 1232 virtute
2420 1210 2444 1248 ,
2489 1164 2582 1230 si-

350 1264 588 1335 milem
628 1266 881 1333 meritis
895 1314 917 1353 ‚
997 1264 1285 1334 similem
1334 1266 1580 1363 civium
1626 1289 1860 1335 amore
1874 1314 1897 1351 ,
1967 1267 2236 1335 fortuna
2290 1288 2582 1357 prospe-

350 1368 530 1436 riore
547 1416 568 1453 ,
654 1388 1063 1460 auguramur
1104 1379 1307 1458 atque
1362 1377 1776 1460 exoptamus.
1888 1370 2098 1438 Vides
2138 1369 2337 1437 huius
2376 1368 2580 1454 urbis,

351 1468 556 1539 huius
600 1471 1014 1541 Academiae
1050 1471 1228 1542 cives
1246 1520 1269 1556 ,
1333 1495 1474 1561 quo
1514 1472 1738 1541 studio
1754 1519 1777 1557 ,
1837 1494 1974 1561 quo
2014 1473 2283 1541 fervore
2319 1472 2582 1541 animo-
2680 1477 2683 1481 ’

357 1596 511 1642 rum
540 1573 631 1641 ad
658 1573 843 1661 hunc
870 1574 1053 1642 diem
1087 1575 1567 1644 celebrandum
1597 1576 2064 1655 convenerint;
2108 1576 2322 1661 vides,
2377 1597 2583 1664 quam

349 1700 675 1768 magnum
691 1725 713 1763 ,
765 1700 972 1767 quam
1009 1686 1347 1765 sanctum,
1397 1701 1603 1768 quam
1647 1679 1949 1747 divinum
1986 1678 2069 1748 sit
2085 1725 2107 1763 ,
2157 1701 2395 1771 regem
2440 1700 2583 1746 esse

351 1780 611 1848 bonum
665 1789 734 1848 et
779 1789 1115 1849 amantem
1160 1782 1406 1874 populi
1448 1782 1580 1862 sui3
1658 1781 1848 1850 vides
1868 1829 1891 1869 ,
1968 1803 2161 1849 amor
2218 1780 2464 1875 populi
2503 1781 2583 1847 in

351 1904 590 1976 regem
624 1906 831 1972 quam
863 1883 1065 1954 dulce
1085 1930 1107 1969 ‚
1158 1907 1366 1972 quam
1405 1893 1696 1968 certum,
1759 1907 1965 1973 quam
1993 1907 2228 1954 verum
2273 1876 2374 1953 sit*
2405 1884 2596 1953 bene1

350 1986 746 2055 meritorum
787 1988 1188 2078 praemium.
1289 1987 1589 2056 Haereat
1626 1986 2009 2055 indelebilis
2048 1988 2117 2054 in
2155 1986 2381 2055 animo
2420 1986 2582 2055 Tuo

352 2088 553 2157 huius
604 2089 740 2157 diei
787 2090 1149 2170 memoria;
1211 2091 1545 2178 elucescat
1591 2090 1664 2158 in
1723 2090 1841 2159 ΤΕ
1882 2111 2194 2180 quoque,
2254 2111 2582 2182 magnum

351 2193 587 2262 Patrui
638 2191 776 2262 Tui
840 2192 1228 2284 exemplum
1285 2201 1567 2289 sequuto
1587 2242 1609 2280 ,
1714 2214 2045 2284 generosa
2097 2192 2583 2263 saxonicorum

351 2295 741 2387 principum
780 2295 1023 2377 virtus3
1071 2303 1218 2364 rata
1262 2295 1381 2364 fiat
1404 2340 1426 2381 ,
1480 2296 1593 2365 cui
1636 2295 1930 2364 faustum
1972 2295 2150 2365 haec
2190 2295 2335 2364 dies
2378 2317 2581 2364 omen

348 2398 642 2466 ostendit
657 2447 678 2485 ,
731 2397 1114 2468 dulcissima
1152 2421 1308 2490 spes
1354 2407 1613 2479 nostra3
1672 2407 1941 2468 maneat
1970 2399 2173 2469 etiarn
2209 2397 2398 2469 haec·
2424 2399 2581 2468 Tua

347 2502 422 2569 in
459 2521 616 2586 noe,
666 2525 872 2593 quam
911 2502 1269 2594 contigisse
1307 2502 1502 2571 nobis
1545 2503 1723 2593 grati
1755 2504 2131 2587 laetamur,
2180 2502 2581 2597 benignissi-

353 2629 469 2672 ma
513 2606 835 2676 voluntas.
951 2605 1068 2674 Illi
1107 2628 1306 2692 vero,
1387 2605 1499 2676 cui
1538 2605 1655 2673 ΤΒ
1714 2605 1806 2674 ad
1854 2628 1976 2673 nos
2033 2606 2232 2674 misso
2289 2628 2581 2675 summas

349 2709 617 2800 agimus
665 2708 952 2801 gratiaS,
1015 2709 1215 2781 Ram
1249 2717 1479 2778 nostro
1496 2759 1521 2797 ,
1583 2728 1702 2776 eos
1757 2709 1874 2778 ΤΕ
1931 2707 2130 2777 huius
2172 2709 2356 2777 urbis
2404 2709 2583 2778 cives

348 2810 671 2880 invenisse
712 2812 992 2895 nuncia,
1045 2812 1163 2900 qui
1210 2812 1353 2879 fide
1394 2821 1464 2879 et
1506 2832 1739 2882 amore
1777 2811 1848 2881 in
1888 2812 2158 2884 nnana
2193 2812 2399 2906 primi
2440 2834 2581 2883 esse

344 2914 728 3003 Saxonum,
778 2916 834 2984 si
869 2915 1162 3009 possint,
1215 2915 1610 2987 allaborent.

547 3120 680 3209 At,
733 3140 780 3193 o
823 3121 991 3194 deus
1026 3120 1285 3218 optime
1320 3122 1646 3209 maxime,
1697 3118 1818 3213 qui
1848 3139 1954 3192 res
1983 3117 2311 3192 humanas
2358 3128 2576 3190 aeter·

345 3220 451 3292 nis
487 3222 757 3317 legibus
792 3230 1126 3322 gubernas
1143 3274 1165 3315 ,
1214 3238 1284 3296 te
1311 3227 1430 3319 pia
1468 3236 1695 3296 mente
1735 3249 2131 3296 veneramur
2146 3273 2168 3316 ,
2218 3234 2581 3319 gratesque

344 3327 472 3395 tibi
514 3331 811 3420 agimus,
862 3331 1055 3422 quod
1075 3331 1262 3401 hunc
1297 3326 1493 3401 nobis
1516 3333 1809 3405 Reum
1837 3330 2114 3416 dedisti,
2154 3338 2224 3399 et
2266 3329 2358 3398 ad
2396 3328 2580 3401 hunc

345 3453 561 3518 usque
620 3432 802 3503 diem
844 3435 1249 3506 conservasti
1263 3479 1285 3520 ,
1345 3434 1465 3524 qui
1506 3433 1760 3527 pietate
1775 3482 1798 3518 ,
1872 3433 2114 3503 iustitia
2130 3485 2151 3521 ‚
2214 3432 2667 3527 aequitate,28

347 3535 674 3622 sapientia
718 3536 964 3629 dignus
1003 3536 1227 3631 gloria
1266 3539 1632 3623 maiorum,
1683 3538 1859 3607 utilis
1890 3538 2180 3621 civibus,
2244 3558 2403 3603 vere
2445 3557 2582 3625 pa-

347 3647 457 3705 ter
497 3639 755 3729 patriae
780 3688 801 3724 ,
852 3642 1081 3709 lumen
1118 3650 1463 3711 aeternum
1506 3640 1789 3708 nominis
1835 3639 2148 3709 Saxonici
2166 3683 2188 3722 ,
2254 3636 2474 3706 honos
2511 3644 2579 3704 et

346 3739 732 3811 immortale
764 3743 971 3814 decus
999 3743 1403 3813 Germaniae
1442 3765 1580 3812 non
1609 3741 1994 3833 aequalium
2018 3750 2273 3809 tantum
2298 3737 2578 3812 vocibus

348 3845 731 3915 celebratur
747 3894 768 3934 ,
820 3847 942 3916 sed
984 3848 1204 3941 magis
1235 3846 1421 3939 apud
1455 3847 1917 3940 posteritatem
1933 3887 1955 3931 ‚
2008 3865 2306 3923 severam
2348 3853 2419 3913 et
2469 3843 2576 3912 in-

348 3958 740 4042 corruptam
760 3951 1154 4021 meritorum
1194 3948 1490 4019 iudicem
1509 4002 1531 4039 ‚
1575 3949 1971 4019 inclarescet
2004 3956 2072 4017 et
2092 3947 2574 4017 nobilitabitur.

349 4051 466 4120 Tu
505 4053 722 4140 Eum,
801 4064 987 4125 recte
1026 4055 1511 4147 praeclareque
1563 4052 1901 4139 factorum
1958 4052 2364 4121 conscientia
2382 4099 2403 4138 ‚
2472 4050 2577 4121 ci·-

347 4156 665 4245 viumque
705 4156 1002 4227 unanimi
1043 4156 1299 4249 gaudio
1331 4164 1399 4226 et
1446 4155 1976 4227 cumulatissimis
2019 4155 2577 4247 gratulationibus

348 4259 790 4329 exhilaratum
809 4311 830 4350 ‚
922 4284 1057 4329 una
1101 4283 1259 4331 cum
1305 4258 1733 4331 dilectissima
1785 4259 2105 4329 Commu
2166 4270 2369 4350 atque
2423 4258 2577 4325 uni—

346 4386 542 4457 yersa
571 4364 788 4432 Domo
827 4363 1163 4431 AvcvsrA
1197 4361 1394 4432 huius
1433 4362 1870 4433 sanstissimae
1903 4363 2041 4432 diei
2083 4364 2335 4431 laetitia
2374 4360 2575 4455 peni-

347 4474 454 4536 tus
492 4477 701 4558 atque
741 4488 829 4536 ex
868 4465 1091 4535 animo
1133 4466 1394 4560 perfrui
1434 4457 1788 4550 c‘oncede3·
1833 4475 1910 4538 tu
1950 4468 2133 4557 Eum
2182 4466 2300 4536 diu
2342 4462 2575 4536 adhuc
