3325 5317
1113 485 1788 553 DISSERTATIO.
2442 491 2571 557 198

317 664 496 733 lina:
547 684 835 753 quarum
869 683 954 730 ex
983 660 1105 729 illa
1131 657 1507 754 ’Λχιλλεῦς
1530 651 1563 751 ,’
1602 661 2026 749 Molesfinus,
2073 684 2158 732 ex
2184 660 2335 733 ‘hac
2360 663 2571 750 Αἴας,

328 768 697 837 Vulturnus
751 764 906 833 nati.
1011 741 1319 835 Fabulae
1373 766 1517 839 hoc
1576 778 2049 861 argumentum
2106 774 2224 835 est.
2342 767 2570 862 Insula

326 877 550 940 terrae
606 878 795 938 motu
855 877 1111 937 vastata
1169 872 1551 962 superstites
1609 872 1959 941 consilium
2027 870 2119 938 de
2176 869 2571 961 effugienda

327 974 632 1067 pernicie
674 973 839 1046 inire
872 972 1121 1063 coegit.
1222 972 1363 1041 Alii
1407 975 1569 1066 igne
1616 976 1686 1042 in
1735 975 1958 1042 littore
1985 994 2271 1043 accenso
2302 975 2571 1065 signum

328 1077 586 1147 dedere
630 1076 1101 1167 navigantibus
1116 1097 1144 1155 ς
1186 1076 1303 1144 alii
1332 1099 1415 1145 ex
1442 1078 1735 1166 reliquiis
1761 1078 2101 1147 ruinarum
2131 1100 2372 1146 navem
2402 1098 2573 1148 con-

327 1188 739 1262 struxerunt,
792 1202 996 1269 quam
1026 1170 1107 1248 ‘in
1152 1179 1363 1246 altum
1411 1178 1621 1249 delati
1656 1182 1856 1249 remis
1896 1181 1962 1248 in
2007 1180 2370 1269 tranquillo
2402 1179 2573 1248 mari

327 1287 444 1354 vix
487 1284 700 1352 multo
739 1281 978 1350 labore
1017 1292 1535 1371 promoverunt3
1597 1284 1764 1352 velis
1817 1293 2043 1352 autem
2083 1305 2166 1351 ex
2210 1284 2397 1355 corio
2441 1284 2577 1370 bu-

327 1389 497 1458 bulo
545 1385 890 1478 expansiS‚
946 1386 1370 1454 commodius
1397 1387 1812 1479 navigarunt.
1914 1388 2184 1455 Nomen
2214 1379 2573 1480 τελαμών,

329 1517 375 1560 a
411 1491 625 1560 verbo
674 1490 950 1561 τέλλειν
1004 1488 1283 1558 ductum
1302 1536 1323 1573 ‚
1388 1490 1579 1579 quod
1635 1490 1988 1583 propriam
2035 1488 2250 1558 habet
2293 1488 2578 1558 tollendi

330 1592 895 1686 significationem
911 1638 932 1675 ‚
985 1591 1346 1681 quodlibet
1390 1593 1913 1664 sustentaculum
1960 1601 2185 1661 notat:
2233 1592 2416 1662 unde
2460 1592 2579 1661 hic

331 1699 426 1766 de
463 1697 646 1765 malo
660 1748 679 1784 ‚
727 1695 797 1762 in
842 1716 980 1784 quo
1025 1695 1176 1763 vela
1221 1719 1538 1786 suspensa
1579 1707 1732 1766 sunt
1748 1746 1769 1783 ,
1820 1696 2355 1788 intelligendum.
2458 1694 2580 1765 Sic

326 1800 559 1870 Latini
636 1799 1010 1868 telamones
1029 1846 1050 1883 ‚
1148 1821 1319 1888 quos
1401 1800 1653 1869 Graeci
1722 1796 2111 1879 ,ἅτλαντας
2125 1849 2148 1888 ,
2223 1798 2578 1872 vocabant.
2642 1828 2652 1836 *

328 1907 527 1984 ,Αἴας
572 1899 816 1971 autem'
840 1901 1201 1971 velificatio
1244 1912 1376 1987 est,
1460 1927 1503 1971 a
1554 1914 1750 1972 motu
1784 1912 1870 1971 et
1911 1902 2313 1995 agitatione,
2395 1900 2581 1970 uude

330 2003 617 2082 οἷΐσσειν
674 2014 811 2093 est,
892 2006 1163 2073 nomine
1214 2006 1557 2096 imposito.
1673 2007 1931 2090 Plura,'
2000 2028 2175 2095 quae
2231 2006 2412 2077 hanc
2468 2005 2580 2072 fa-

330 2109 539 2178 bulae
573 2109 1194 2199 interpretationem
1236 2108 1637 2179 confirment
1651 2157 1674 2195 ‚
1737 2107 1960 2178 Phoci
2003 2110 2369 2202 progenies
2415 2130 2583 2199 sup-

325 2212 642 2305 peditare
685 2211 955 2303 poterit.

537 2310 841 2409 Ἀγχίσῃ
857 2367 885 2401 ,
936 2312 1275 2397 Parilino‚
1329 2333 1414 2381 ex
1446 2311 1714 2382 Venere
1750 2320 1943 2383 natus
1972 2311 2308 2397 Αἰνείας,
2357 2308 2585 2379 Mori-

327 2438 663 2509 geranuS‚
714 2416 785 2482 in
814 2425 1044 2483 monte
1079 2413 1238 2511 Ἴδῃ
1262 2465 1284 2503 ,
1338 2415 1599 2484 Gnario
1630 2416 1733 2507 *)‚
1784 2418 2126 2488 masculae
2158 2415 2436 2484 Veneris
2475 2414 2584 2480 in·-

326 2530 436 2589 ter
477 2518 780 2588 conscios
816 2518 1168 2586 libidinem
1210 2518 1532 2587 indicans.
1637 2521 1816 2588 Nam
1860 2544 1946 2589 ne
1988 2520 2136 2608 quis
2175 2517 2586 2586 connubium

308 2620 489 2692 'curn
523 2609 756 2714 parilis
794 2621 983 2689 sortis
1029 2621 1319 2711 coniuge
1359 2621 1622 2689 laudari
1657 2630 1889 2713 putet,
1957 2631 2026 2689 et
2068 2621 2348 2690 Veneris
2391 2641 2586 2688 com-

329 2725 733 2795 memoratio
777 2725 1033 2804 obstat,
1103 2732 1170 2791 et
1215 2745 1391 2811 quae
1435 2724 1525 2791 de
1562 2747 1791 2816 poena
1835 2724 2170 2794 Anchisae
2217 2732 2586 2809 narrantur,

336 2829 427 2897 de
473 2830 716 2919 quibus
767 2827 1096 2896 videndus
1134 2824 1540 2896 Meziriacus
1583 2828 1674 2897 ad
1721 2827 1928 2901 ovid.
1973 2829 2140 2897 Her.
2187 2828 2324 2896 v-ol.
2373 2827 2464 2895 11.
2511 2850 2586 2919 p.

335 2930 510 3018 143·
562 2954 750 3020 seqq·
1153 2997 1162 3013 ,
1226 3014 1242 3019 -

451 3072 463 3084 ·
542 3034 853 3122 Denique
886 3021 1311 3119 Ὀδυσσεύς,
1363 3031 1791 3124 IndignatuS,
1846 3056 1928 3103 ex
1971 3034 2174 3103 Circa
2195 3082 2216 3119 ‚
2267 3055 2445 3122 quae
2483 3030 2680 3100 est24

340 3138 653 3207 diuturna
690 3138 762 3205 in
800 3135 972 3203 mari
1006 3134 1312 3217 iactatio,
1350 3131 1668 3230 Ἄγριον
1699 3145 1768 3205 et
1795 3139 2172 3225 Λατῖνον,
2223 3139 2588 3227 Agrestem

340 3250 408 3310 et
448 3242 885 3332 Streperum,
940 3236 1214 3329 genuit,
1266 3238 1384 3325 qui
1425 3240 1852 3336 Τυρσηνοῖς,
1919 3240 2256 3325 Tun-inis,
2307 3239 2590 3331 imperi-

336 3352 579 3413 tarunt.
679 3343 877 3410 Haec
909 3348 1197 3432 apparet
1221 3337 1310 3420 ‚in
1349 3362 1590 3410 mores
1615 3353 2000 3427 nautarum,
2055 3344 2367 3413 diuturna
2394 3344 2590 3410 navi-

335 3448 613 3539 gatione
648 3444 1084 3515 efferatorum
1101 3491 1122 3528 ,
1176 3441 1359 3511 dicta
1395 3467 1535 3511 esse
1552 3492 1572 3529 ,
1625 3447 1744 3533 qui
1780 3471 1821 3514 a
1862 3448 2139 3515 navibus
2156 3495 2177 3532 ,
2228 3447 2296 3512 in
2344 3446 2589 3534 quibus

336 3550 633 3643 degunt,
712 3546 1071 3642 Τυρσηνοὶ
1115 3548 1360 3614 vocati.
1463 3549 1734 3615 Nomen
1795 3552 2119 3629 Λατῖνος
2167 3571 2323 3617 cum
2371 3549 2583 3614 verbo

336 3647 724 3727 λατύσσειν
754 3658 1119 3742 cognatum
1149 3648 1436 3717 videtur.
1538 3650 1788 3717 Eidem
1831 3652 2193 3742 Indignato
2229 3643 2585 3743 Καλυψώ,

339 3743 722 3839 Οοοιιῑίιιει,’
768 3753 1058 3824 Atlantis
1098 3751 1277 3836 filia,
1332 3750 1754 3824 Ναυσίνοον
1786 3762 1854 3821 et
1883 3752 2318 3826 Ναυσίθοον
2364 3776 2588 3845 pepe-

336 3859 453 3946 rit,
503 3862 657 3929 Nau
709 3879 900 3926 arum
927 3863 997 3924 et
1020 3856 1382 3925 Naucitum
1397 3902 1418 3939 ‚
1469 3854 1657 3943 quod
1700 3866 1836 3941 est,
1888 3856 2193 3926 occultos
2238 3851 2589 3925 thesauros

337 3964 618 4033 navibus
647 3881 1058 4032 ghricandis
1087 3957 1665 4051 opportunitatem
1699 3959 1962 4032 fecisse.

421 4318 477 4392 ¹⁸¹)
526 4313 693 4379 Bene
735 4336 833 4378 me
874 4315 1115 4377 Ionicae
1158 4315 1331 4375 vocis
1374 4313 1478 4394 ἴδη
1522 4315 1858 4376 Creuzerus
1901 4315 2244 4378 admonuit:
2304 4325 2374 4377 ut
2417 4335 2587 4376 mona

339 4400 450 4462 iste
493 4402 703 4463 Latine
747 4403 934 4462 Silvia
975 4401 1075 4463 vel
1128 4401 1352 4462 Silvius
1412 4401 1536 4462 dici
1595 4400 1828 4464 debeat.
1915 4402 2068 4465 Vide
2120 4403 2309 4484 Epist.
2368 4402 2444 4461 de
2483 4421 2587 4461 ra·-

329 4486 504 4549 ssione
548 4486 957 4568 mythologiae
1000 4508 1066 4567 p.
1114 4492 1256 4555 122.

445 4576 694 4645 ΗΕΒΜ.
750 4573 885 4647 ΟΡ.
937 4575 1028 4646 Π.
1966 4621 1973 4628 -
2134 4574 2203 4642 N
