3325 5317
764 454 1615 523 TETRALOGIA‘RVM
1672 452 2320 537 TRAchRVM.
2525 467 2658 532 811

419 637 541 704 bat
580 634 876 725 positum
924 654 1068 702 csse
1090 681 1110 719 ,
1176 646 1256 704 ut
1299 654 1423 702 eae
1481 630 1913 727 tragoediae,
1990 627 2180 726 quae-
2213 643 2346 705 una
2384 638 2662 731 trilogia
2733 592 2739 605 Ι

412 734 1202 829 comprehenderentur,
1279 758 1482 827 quam
1531 739 1846 807 maxime
1863 739 2038 808 inter
2081 760 2156 808 se
2195 751 2409 809 essem
2462 743 2658 811 dissi·-

412 842 646 919 miles·
699 841 947 909 eodem
979 840 1232 925 modo,
1281 850 1359 910 ut
1401 840 1615 910 hodie
1666 843 1959 913 musicos
2002 844 2072 911 in
2107 836 2222 930 iis,
2273 864 2440 934 quas
2473 868 2657 935 sym·-
2782 866 2790 881 “

415 942 711 1036 phonias
751 955 1030 1029 vocant,
1094 966 1271 1034 quae
1313 966 1397 1012 ex
1442 945 1654 1015 tribus
1701 946 2110 1036 plerumque
2139 949 2456 1038 partibus
2488 970 2657 1018 con-

415 1058 624 1137 stant,
688 1048 765 1116 id
823 1070 1059 1118 curare
1108 1048 1449 1133 videmuS‚
1513 1058 1589 1116 ιιι
1632 1058 1794 1141 apta
1851 1048 2383 1120 dissimilitudine
2426 1054 2680 1121 earum'
2735 1122 2738 1133 μ

414 1152 741 1245 partium,
792 1168 896 1220 ne
936 1152 1370 1244 refrigeretur
1418 1160 1487 1239 et
1531 1151 1930 1244 languescat
1977 1153 2272 1223 studium
2316 1150 2654 1224 audiendi.

414 1258 584 1326 Erat
626 1277 791 1323 vero
835 1255 906 1323 in
933 1255 1322 1347 tragoediis
1349 1234 1596 1346 triplex
1640 1257 1912 1324 omnino
1966 1257 2153 1357 fons,
2204 1280 2287 1325 ex
2331 1281 2474 1347 quo
2514 1258 2662 1351 peti

412 1361 542 1427 ista
588 1358 1052 1427 dissimilitudo
1094 1367 1343 1450 posset.
1446 1360 1625 1427 Nam
1670 1368 1738 1428 et
1773 1360 2043 1446 animis,
2106 1368 2175 1427 et
2215 1358 2482 1430 auribus
2501 1409 2523 1447 ,
2591 1371 2661 1430 et

414 1461 634 1532 oculis
672 1462 1065 1552 prospicere
1108 1456 1317 1530 debet
1355 1473 1564 1552 poeta
1610 1464 1928 1537 scenicus,
2031 1464 2268 1553 ltaque
2314 1474 2383 1533 et
2424 1466 2658 1549 inveng-

416 1567 600 1635 tione
640 1563 914 1633 fabulae
956 1574 1165 1654 'atque
1222 1565 1746 1656 compositione,
1818 1577 1886 1636 et
1929 1568 2342 1637 canticorum
2384 1578 2655 1659 tempe-

413 1678 752 1754 rament03‘
799 1678 866 1738 ‘et
899 1677 1230 1760 apparatu
1259 1670 1358 1737 rei
1388 1670 1691 1740 scenicae
1722 1669 2001 1739 differre
2027 1671 2422 1762 tragoedias·
2442 1693 2656 1763 opor-

412 1772 625 1845 tebat.
729 1773 823 1841 Et
857 1772 1177 1862 profecto
1209 1768 1397 1862 quae
1439 1773 1586 1862 sola
1614 1773 1807 1842 nobis
1823 1825 1844 1861 ‚
1871 1773 2086 1862 ''quod
2138 1773 2414 1862 quidem
2468 1783 2656 1843 certo

412 1877 737 1961 sciamus,
803 1878 1078 1968 trilogia
1121 1885 1487 1973 superest„
1527 1877 1812 1968 egregie
1865 1875 2030 1947 huic
2068 1877 2170 1945 rei
2207 1876 2420 1945 fidem
2467 1878 2655 1951 facit.
2721 1935 2725 1957 .

412 1979 892 2071 Agamemnon
943 2000 1192 2072 magna
1241 1988 1341 2049 est
1388 1987 1455 2046 et
1502 1980 1727 2070 gravis
1780 1979 2052 2065 fabula,
2132 1989 2279 2046 tota
2328 1981 2420 2048 ad
2478 1980 2661 2073 epici

284 2070 289 2077 Ι
410 2081 726 2152 carminis
779 2083 1199 2152 severitatem
1242 2083 1653 2173 composita,
1719 2083 1987 2151 stasima
2026 2082 2293 2150 habens
2327 2081 2539 2174 longa
2588 2092 2659 2152 et

413 2185 653 2277 gravia
668 2233 688 2269 ‚
767 2178 1028 2274 aliquot
1078 2187 1312 2255 brevia
1362 2185 1624 2256 cantica
1684 2183 1775 2252 de
1836 2208 2068 2269 scena,
2134 2185 2399 2274 aliquot
2454 2186 2657 2253 etiam

412 2279 783 2381 κόμμους·
755 2343 779 2379 ,
860 2288 953 2356 ad
1015 2291 1354 2359 scenicum
1417 2297 1640 2358 autem
1689 2299 2108 2380 apparatum
2165 2277 2339 2356 nihil
2393 2288 2657 2379 insigne

415 2400 532 2459 aut
586 2412 856 2459 novum.
979 2393 1345 2485 Excipiunt
1396 2391 1577 2463 hanc
1634 2391 2079 2493 Choephori,
2157 2380 2366 2483 plane
2413 2391 2657 2459 diversi

415 2490 662 2563 coloris
695 2480 961 2584 fabula,
1021 2497 1092 2564 in
1137 2519 1272 2586 qua
1317 2495 1592 2564 actionis
1630 2518 1766 2564 non
1805 2496 2114 2583 multum,
2156 2497 2432 2565 cantica
2459 2494 2658 2564 chori

413 2598 631 2667 miuus
671 2599 916 2690 longa,
968 2599 1090 2668 sed
1142 2600 1229 2668 de
1267 2618 1466 2668 scena
1493 2608 1679 2666 tanta
1718 2608 1993 2688 tamque
2038 2596 2451 2666 admirabilis
2492 2619 2655 2667 can-

411 2696 672 2770 tionum
700 2703 980 2771 varietas
998 2748 1018 2787 ‚
1073 2703 1270 2792 eique
1298 2697 1605 2794 congrua
1629 2703 1832 2769 etiam
1876 2694 2335 2778 diverbiorum
2361 2703 2655 2769 alterna-

410 2799 551 2892 ti‘0‚
602 2813 678 2871 ut
722 2814 867 2872 tota
908 2807 1144 2874 fabula
1193 2807 1475 2896 lyricam
1524 2805 1825 2873 indolem
1866 2806 2110 2897 spiret,
2175 2813 2539 2893 cantusque
2584 2804 2654 2872 in
2758 2815 2761 2817 ’

414 2932 499 2975 ea
551 2907 945 2998 primarium
995 2902 1227 2978 locum
1278 2920 1510 2978 tenere
1557 2908 1884 2976 videatur.
2014 2904 2272 2976 Mirum
2332 2917 2654 2998 quantum

413 3013 504 3079 ab
526 3008 666 3080 hac
709 3011 944 3081 differt
982 3015 1180 3080 tertia
1209 3013 1482 3097 fabula,
1531 3011 1945 3080 Eumenides
1960 3058 1981 3095 ‚
2003 3034 2209 3100 quae
2236 3020 2380 3079 tota
2397 3060 2418 3096 ‚
2469 3021 2570 3079 ιιι
2583 3013 2656 3079 in

412 3114 718 3206 capitalis
754 3115 985 3183 iudicii
1032 3116 1519 3208 disceptatione
1558 3138 1826 3183 versans
1842 3164 1863 3201 ‚
1917 3126 2179 3182 austera
2216 3125 2317 3182 est
2355 3135 2441 3184 ac
2449 3136 2655 3213 pene

413 3240 672 3310 aspera.
775 3218 1010 3288 Nihil
991 3242 1058 3287 ιιι
1087 3219 1223 3290 hac
1268 3219 1355 3287 de
1385 3242 1584 3289 scena
1616 3219 1909 3303 canitur,
1958 3219 2129 3287 nulli
2163 3211 2484 3311 adustam,-
2529 3209 2652 3285 sed

413 3322 612 3393 chori
664 3325 928 3393 cantica
975 3323 1542 3393 vehementissimi
1588 3332 1812 3391 motus
1857 3323 2083 3413 plena.
2188 3322 2374 3390 Fere
2427 3320 2651 3389 omnia

409 3425 482 3492 in
507 3424 645 3494 hac
677 3446 762 3492 eo
789 3427 1109 3514 tendunt,
1160 3438 1237 3495 ut
1264 3429 1478 3498 oculis
1507 3448 1720 3549 nova,
1772 3428 2094 3513 insolens,
2144 3424 2451 3493 terribilis
2489 3416 2652 3514 spe-

413 3528 550 3597 cies
594 3527 968 3599 obiiciatur.
1082 3530 1331 3623 Agitur
1391 3544 1500 3600 res·
1547 3532 1619 3598 in
1660 3529 1988 3620 templis
2006 3521 2328 3597 deorum:
2376 3526 2650 3594 numina

410 3630 916 3724 conspiciuntur
950 3634 1307 3725 Apouinis,
1357 3633 1705 3718 Mercurii,
1756 3632 2149 3710 Minervae3
2210 3628 2490 3721 Pythias
2531 3638 2698 3701 sa‹8
2885 3707 2890 3711 ,

415 3734 657 3804 cerdos
674 3783 695 3819 ‚
785 3739 1029 3805 umbra
1072 3736 1641 3826 Clytaemnestrae
1655 3785 1676 3821 ,
1770 3734 2216 3804 sanctioeimus
2303 3755 2647 3803 consessus

411 3840 827 3930 Areopagi}
867 3850 1010 3909 tum
1058 3839 1306 3910 chorus
1337 3841 1694 3908 Furiarum
1715 3891 1736 3927 ‚
1800 3838 2025 3931 pullis·
2052 3835 2345 3907 vestibus
2376 3835 2648 3905 induta-

411 3946 599 4030 rum,
652 3943 875 4033 capita
920 3945 1252 4038 anguibus
1274 3942 1771 4026 redimita-um,
1832 3940 2170 4010 dormiens
2213 3940 2281 4007 in
2315 3939 2645 4009 vestibulo

410 4046 651 4134 templi
677 4045 1036 4136 Delphici3
1087 4032 1248 4115 mox
1290 4046 1648 4139 paullatim
1681 4045 2151 4138 expergiscens
2164 4092 2185 4128 ‚
2237 4045 2379 4113 sine
2408 4044 2648 4112 ordine

410 4170 864 4240 prorumpens
882 4201 900 4230 ,
982 4151 1340 4220 horrendis
1395 4151 1690 4218 motibus
1757 4149 2041 4218 choreas
2100 4146 2350 4218 ducens
2367 4196 2389 4232 ‚
2477 4166 2644 4238 prae

407 4252 823 4342 implacabili
896 4255 1041 4322 irae
1122 4254 1563 4322 obstinatione
1622 4252 2041 4324 idemtidem
2101 4252 2381 4321 -eadem
2436 4250 2646 4318 -dicta
2684 4301 2688 4307 .
2813 4260 2818 4267 ·

405 4358 682 4441 iterans,
759 4367 1103 4445 postremo
1118 4405 1139 4441 ‚
1206 4372 1415 4450 aegre
1469 4357 1677 4425 lenita
1727 4357 1984 4426 ferocia
1999 4386 2042 4445 ‚·
2089 4356 2467 4425 comitante*
2504 4353 2646 4419 alio

407 4481 563 4553 cum
597 4460 864 4531 facibus
906 4471 977 4532 et
1013 4461 1325 4532 sollemni
1369 4470 1634 4555 pompa
1696 4460 1915 4535 choro
1963 4460 2387 4532 orchestram
2432 4454 2644 4526 reliu-
