3325 5317
1036 516 1044 523 -
1181 474 1231 538 Ρ
1268 472 1322 539 Ε
1360 474 1415 538 R
1457 474 1502 537 S
1541 474 1574 539 Ι
1613 477 1675 539 S.
2499 480 2592 548 0⁴2

351 643 635 740 egregie
662 653 872 739 poeta
886 693 909 733 ,
959 667 1048 717 ne
1077 645 1149 717 in
1173 668 1454 742 pugnae
1497 626 1954 742 descriptione
1985 670 2097 720 res
2137 650 2595 740 acquiesceret
2712 710 2715 719 ,

227 790 234 797 ·
349 760 419 821 et
466 749 663 840 quasi
695 749 1211 843 refrigeraretur
1225 799 1247 839 ‚
1319 761 1556 821 exorto
1620 753 1873 823 deinde
1918 754 2097 823 inter
2141 754 2463 825 nuncium
2519 763 2592 825 et

346 855 664 925 Atossam
714 854 1063 943 colloquio
1106 855 1274 925 duas
1313 856 1477 924 alias
1502 857 1951 945 narrationes,-
1994 879 2174 948 qnae
2194 879 2409 927 novos
2454 856 2594 927 do·
2676 942 2679 947 ἱ

346 956 479 1027 lori
513 957 820 1025 stimulos
864 956 1157 1044 addant'3
1206 958 1515 1045 intexuit,
1565 982 1773 1030 unam
1816 959 1909 1030 de
1950 959 2204 1032 occisis
2251 961 2324 1029 in
2374 959 2594 1030 insula

345 1058 713 1150 Psyttalea,
762 1061 1044 1130 alteram
1072 1061 1164 1130 de
1196 1060 1462 1132 afflictis
1497 1063 1569 1131 in
1603 1062 1778 1157 fuga
1805 1081 1936 1156 per
1964 1062 2359 1149 Thraciam,
2407 1062 2595 1134 unde

348 1162 764 1255 exspectatio
823 1164 1152 1243 excitatm·
1210 1163 1561 1234 adventuri
1621 1167 1806 1261 regis
1819 1214 1842 1252 ‚
1916 1175 1986 1235 et
2042 1167 2445 1238 consultatio
2499 1164 2595 1236 de

347 1266 691 1359 placanda
733 1265 1023 1336 deorum
1071 1267 1191 1336 ira.
1216 1308 1231 1322 ·
1310 1267 1713 1359 Conquestis
1750 1269 2000 1339 deinde
2039 1270 2400 1362 praeclaro
2437 1286 2598 1340 car-

347 1370 532 1440 mine
576 1369 869 1441 choricis
908 1370 1171 1440 senibus
1184 1417 1207 1455 ‚
1258 1370 1435 1440 redit
1475 1394 1635 1443 cum
1687 1372 1939 1443 inferiis
1975 1372 2248 1458 Atossa‚
2309 1372 2596 1442 iterum-

350 1494 488 1564 que
519 1471 786 1544 chorus·
814 1472 1041 1542 divino
1083 1462 1292 1565 plane
1316 1484 1517 1545 cautu
1553 1498 1785 1545 manes
1809 1475 1999 1544 Darii
2032 1474 2123 1545 ab
2151 1475 2384 1545 inferis
2423 1497 2598 1546 evo-

348 1582 477 1649 cat.
582 1576 958 1647 Adscendit
1002 1598 1085 1644 ex
1128 1574 1317 1648 Orco
1358 1579 1590 1671 magni
1632 1579 1816 1672 regis
1856 1580 2136 1665 umbra,
2199 1579 2434 1672 regiae
2478 1578 2595 1647 di-

179 1695 224 1737 ·.
347 1679 621 1774 gnitatis
662 1679 1038 1773 insignibus
1073 1689 1307 1749 ornata
1321 1728 1344 1766 ‚
1404 1681 1902 1773 tranquillaque
1947 1683 2276 1775 gravitate
2291 1729 2314 1768 ‚
2362 1689 2441 1751 ut
2479 1704 2596 1750 re-

344 1784 475 1853 bus
515 1782 826 1851 humanis
856 1792 1243 1875 exemptum
1285 1806 1418 1875 par
1446 1794 1544 1854 est
1557 1833 1580 1871 ‚
1633 1784 1923 1857 chorum
1943 1784 2225 1854 affatur:
2281 1785 2400 1874 qui
2427 1806 2600 1877 per·-

348 1886 574 1958 culsus
607 1884 895 1957 horrore
910 1934 931 1971 ,
984 1886 1528 1958 concitatioribus
1566 1887 1861 1958 numeris
1896 1889 2000 1958 bis
2033 1887 2406 1981 siguificat,
2454 1907 2598 1956 non

349 1989 605 2061 audere
634 2012 707 2059 se
733 2012 979 2083 regem
1018 1998 1251 2062 contra
1276 1990 1472 2079 tueri,
1522 2001 1641 2063 aut
1666 2014 1824 2062 cum
1853 2013 1938 2061 eo
1971 1991 2297 2081 colloqui.
2393 1989 2603 2060 Vnde

347 2093 470 2162 ille
524 2091 620 2163 ad
664 2093 979 2163 Atossam
1039 2115 1429 2179 conversus,
1507 2117 1724 2184 quum
1777 2092 1868 2164 de
1913 2116 2143 2165 caussa
2189 2093 2600 2164 evocationis
2664 2120 2677 2137 ¹

348 2192 511 2267 suae
551 2198 1027 2286 quaesivisset,
1093 2206 1167 2266 et
1204 2207 1364 2267 ante
1397 2206 1549 2267 acta
1589 2197 1905 2289 exponit,
1956 2206 2062 2282 et,
2129 2196 2422 2267 audente
2457 2197 2598 2265 iam

349 2299 645 2369 sermoni
684 2321 830 2368 sese
871 2300 1255 2371 immsscere
1299 2300 1519 2373 choro
1534 2349 1557 2387 ,
1606 2308 1843 2372 monet
1864 2323 1972 2370 ‘ne
2010 2299 2305 2392 posthac
2334 2299 2600 2369 bellum

350 2402 635 2473 Graecis
689 2402 1010 2473 inferant:
1102 2425 1187 2474 ac
1247 2403 1541 2494 denique
1617 2404 1954 2493 reliquam
2024 2403 2241 2474 cladis
2306 2411 2600 2494 partem,

349 2528 562 2596 quam
599 2505 700 2573 illi
733 2528 817 2575 ex
844 2506 1093 2577 nuncio
1136 2505 1369 2577 audire
1413 2529 1551 2575 non
1574 2492 1961 2599 potuerant,
2011 2513 2310 2591 enarrat,
2360 2505 2600 2575 simul-

350 2632 486 2700 que
509 2608 771 2680 -Xerxis
826 2610 1222 2679 adventum·
1248 2609 1626 2683 denunciat.
1741 2610 1942 2680 Haec
1995 2630 2158 2679 vero
2214 2628 2416 2677 scena
2433 2654 2456 2694 ,
2535 2608 2692 2677 silss

350 2712 728 2803 quidquam
769 2713 842 2782 in
879 2711 1017 2783 hac
1055 2712 1294 2782 fabula
1312 2763 1334 2800 ‚
1412 2714 1676 2807 magnis
1729 2712 2022 2781 obnoxia
2074 2721 2175 2781 est
2233 2711 2604 2782 dubitatio·-

351 2818 571 2887 nibus.
674 2817 855 2886 Nam
901 2838 1126 2907 neque
1181 2817 1347 2908 quid
1391 2839 1566 2910 opus
1611 2817 1694 2885 sit
1732 2815 1947 2885 Dario
1961 2868 1982 2906 ‚
2033 2816 2256 2884 statim
2290 2822 2604 2906 apparet,
2669 2843 2674 2848 ·

352 2919 582 3010 neque
623 2942 705 2989 ea
731 2919 926 2989 illum
972 2919 1168 3009 loqui
1208 2920 1443 2990 dicunt
1456 2968 1478 3005 ,
1530 2921 1624 2989 ob
1666 2942 1844 3011 quae
1883 2920 2031 3009 quis
2085 2920 2176 2988 ab
2212 2917 2440 2986 inferis
2458 2939 2604 2987 ex-

356 3021 662 3094 citandus
702 3023 1032 3092 videatur.
1145 3024 1308 3092 Non
1365 3023 1663 3095 diffitear
1716 3021 2035 3112 equidem
2049 3070 2072 3108 ‚
2148 3021 2405 3111 aliquid
2456 3023 2604 3090 Ae-

356 3126 669 3219 schylum
706 3125 778 3194 iu
815 3127 952 3197 hac
979 3150 1059 3196 re
1099 3128 1591 3218 spectatoribus
1618 3125 1923 3212 dedisse,
1974 3125 2092 3216 qui
2119 3146 2257 3193 non
2287 3131 2607 3215 poterant

357 3253 492 3301 non
554 3228 995 3300 vehementer
1051 3231 1469 3301 commoveri
1509 3229 1896 3298 admirabili
1943 3230 2068 3298 illo
2110 3229 2362 3297 mortui
2417 3227 2606 3319 regis

358 3334 754 3403 simulacro.
805 3335 877 3402 id
902 3332 1095 3422 quod
1127 3334 1326 3402 etiam
1356 3332 1829 3425 Amtophanis
1856 3333 2111 3434 iudicio
2149 3332 2605 3417 confirmatur,

362 3437 545 3531 apud
587 3459 801 3528 quem
827 3436 1206 3539 Bacchus
1185 3460 1259 3506 m
1284 3438 1496 3507 Ranis
1522 3440 1619 3507 ita
1660 3436 1859 3508 dicit:

667 3588 932 3697 ἐχάρην
997 3590 1219 3685 γοῦν,
1302 3586 1492 3690 ηνίκ’
1573 3585 1990 3689 ἀπηγγέλθη
2048 3584 2215 3682 περὶ
2283 3578 2604 3682 Δαρείου

1683 3691 2119 3779 τεθνεωτος,

668 3791 713 3870 ὁ
760 3819 976 3897 χορος
1021 3789 1099 3870 δ
1142 3789 1366 3879 εὐθυς
1395 3824 1498 3870 τω
1533 3789 1709 3894 χεῖρ
1757 3791 1887 3869 ω’δὶ
1931 3784 2365 3890 ξυγκρούσας
2407 3768 2607 3865 εἶπεν

1690 3899 1913 3986 ἰαυοῖ,

364 4054 540 4142 quae
583 4050 802 4123 verba
832 4074 1058 4144 neque
1076 4101 1098 4139 ,
1148 4061 1226 4123 ut
1258 4052 1715 4146 spanhemius
1759 4051 2060 4137 volebat,
2102 4049 2193 4119 de
2221 4047 2457 4120 Sicula
2496 4070 2612 4117 re-

363 4158 680 4228 censione
717 4156 1079 4254 Persarum
1114 4157 1558 4251 intelligenda
1594 4160 1770 4249 puto
1787 4204 1809 4241 ‚
1858 4177 2084 4246 neque
2120 4154 2216 4223 ita
2254 4175 2456 4246 posse
2492 4172 2615 4247 ex·-

366 4259 607 4351 plicari
635 4259 947 4331 adducor
962 4309 983 4346 ,
1034 4270 1111 4329 ut
1141 4258 1355 4331 visum
1384 4270 1486 4329 est
1508 4260 1859 4343 Iacobsio:
1907 4259 2032 4328 sed
2043 4257 2383 4342 Bacchum
2432 4268 2615 4354 sem-‘-

368 4383 492 4453 per
518 4363 782 4454 aliquid
808 4363 1219 4456 ineptiarum
1248 4364 1539 4434 afferens
1553 4413 1575 4450 ‚
1626 4363 1748 4435 hic
1794 4376 1879 4433 eo
1907 4384 1981 4432 se
2021 4358 2383 4431 ridendum
2407 4354 2616 4449 prae-

371 4465 530 4553 bet,
589 4467 781 4558 quod
796 4515 818 4555 ‚
896 4479 972 4537 ut
1020 4468 1242 4541 solent
1271 4469 1583 4539 homines
1624 4466 1856 4538 stolidi
1901 4475 1971 4537 et
2026 4464 2313 4548 inficeti,
2386 4457 2616 4529 omnia

453 4571 715 4641 Hmun.
767 4569 904 4646 ΟΡ.
956 4571 1047 4641 11.
1340 4634 1343 4637 a
2196 4566 2268 4636 G
