3325 5317
1141 483 1803 553 DISSERTATIO.
2304 543 2309 550 .
2438 490 2573 555 2⁰9

336 665 527 726 turus
567 665 731 727 erat.
828 656 941 727 Eo
984 659 1170 729 venit
1210 660 1282 728 in
1327 658 1564 729 itinere
1596 660 1802 730 etiam
1846 658 2159 748 Perseus,
2209 664 2280 726 et
2311 658 2383 727 in
2413 664 2667 729 cer-16

339 760 591 829 tamine
619 760 1010 853 imprudens
1039 762 1329 855 percutit
1368 762 1620 853 pedem
1644 762 2082 854 Inseparautii
2095 809 2118 848 ,
2169 783 2310 850 quo
2353 762 2491 832 ictu
2518 764 2575 831 is

338 864 538 957 perit.
637 864 771 933 llle
810 866 1044 958 agnito
1089 889 1295 955 quem
1336 865 1723 952 occidisset,
1774 866 2013 958 sepelit
2056 883 2246 953 euni,
2299 873 2402 950 et,
2450 889 2575 935 ve-

337 968 503 1036 ritus
550 989 837 1059 regnum
889 969 1027 1036 eius
1067 991 1355 1061 poscere
1371 1016 1396 1061 2
1444 969 1634 1058 quod
1682 968 2167 1038 hereditarium
2222 966 2353 1059 ipsi
2409 977 2575 1054 erat,

348 1069 725 1167 Τίρυνθα,
795 1071 1175 1141 Tortonam
1188 1122 1209 1158 ‚
1272 1095 1345 1141 se
1393 1072 1660 1143 confert
1700 1072 1791 1141 ad
1834 1072 2053 1141 filium
2091 1070 2577 1142 Proficiscentii
2629 1092 2639 1102 ·

338 1175 881 1272 Μεγαπένθην,
934 1175 1441 1244 Perdolentium
1458 1222 1481 1260 ‚
1550 1198 1708 1246 cum
1749 1196 1971 1264 eoque
2016 1184 2227 1243 sortes
2267 1196 2581 1245 commu-
2639 1256 2646 1268 ⁸

338 1282 472 1361 tat,
523 1284 601 1344 ut
641 1276 697 1345 is
742 1276 987 1368 Argis,
1038 1280 1174 1348 sive
1216 1278 1526 1363 Micuae‚
1591 1279 1771 1369 ipse
1765 1287 2013 1347 autem
2059 1278 2464 1370 Tortonae
2444 1300 2579 1347 lm·-

336 1386 572 1471 peret,
631 1381 1054 1450 communitis
1086 1380 1373 1476 Μιδείᾳ
1405 1390 1473 1450 et
1492 1374 1809 1478 Μυκήνῃ
1826 1436 1854 1471 ,
1906 1380 2120 1456 Pissia
2146 1389 2216 1449 et
2245 1360 2578 1467 Patulina,

338 1482 639 1551 urbibus
741 1482 851 1549 Ibi
891 1494 1247 1556 nascuntur
1279 1484 1344 1552 ei
1377 1508 1461 1554 ex
1499 1485 1815 1577 Virirega
1852 1480 2233 1572 Ἀλκαῖος,
2283 1485 2580 1557 Σθένε-

208 1615 220 1625 ·
340 1590 494 1673 λος,
586 1581 920 1677 Ελειος,
1023 1581 1403 1684 Μήστωρ,
1504 1581 2012 1684 Ἠλεκτρύων,
2114 1579 2577 1683 Γοργοφόνη,

341 1685 613 1778 Opitius
628 1734 651 1773 ‚
700 1687 1005 1759 Valerius
1019 1737 1042 1775 ‚
1095 1689 1314 1781 Capio
1328 1736 1351 1775 ,
1401 1689 1787 1780 Capessitor
1800 1737 1823 1775 ‚
1873 1688 2307 1759 Exercitanus
2321 1735 2342 1773 ‚
2392 1689 2582 1758 Tru-4

341 1790 519 1860 cida.
622 1790 814 1859 Nihil
843 1793 1031 1863 aliud
1062 1793 1170 1861 his
1199 1792 1574 1864 continetur
1588 1842 1608 1878 ,
1651 1815 1859 1882 quam
1905 1813 2206 1861 reversos
2235 1791 2389 1862 illos
2415 1814 2580 1878 esse,

341 1895 460 1982 qui
524 1893 692 1961 olim
745 1897 928 1986 pulsi
993 1904 1061 1966 et
1115 1920 1157 1964 a
1209 1897 1442 1988 piratis
1494 1896 1680 1987 capti
1741 1896 2005 1965 fuerant
2020 1942 2043 1981 ,
2104 1917 2454 1985 quumque
2510 1895 2582 1963 in

337 1997 575 2065 itinere
599 1996 1057 2084 *devenissent
1127 1999 1217 2066 ad
1265 2000 1539 2091 ignotos
1596 1998 1932 2088 quosdam
1986 1997 2276 2067 advenas
2292 2046 2314 2083 ‚
2391 1998 2584 2068 inve-

339 2099 511 2180 nisse
549 2099 648 2167 ibi
686 2100 877 2186 illos,
929 2126 972 2169 a
1008 2102 1250 2191 quibus
1295 2102 1562 2169 fuerant
1606 2101 1836 2172 eiectit
1886 2100 1963 2168 hi
1996 2100 2174 2169 enim
2212 2100 2331 2169 ubi
2360 2101 2585 2171 redire

339 2203 497 2271 illos
543 2203 932 2274 audiverant
948 2251 969 2289 ‚
1039 2204 1203 2272 alias
1262 2204 1455 2288 sedes
1512 2204 1886 2293 quaesitum
1929 2204 2151 2289 ibant,
2217 2203 2583 2274 vindictam

339 2314 734 2374 metuentes.
836 2307 944 2378 lbi
972 2328 1131 2376 casu
1170 2328 1287 2376 eos
1316 2307 1417 2374 illi
1435 2302 1819 2397 *impediunt
1862 2329 1906 2374 a
1931 2305 2477 2398 progrediendo:
2527 2306 2585 2375 is

341 2416 445 2478 est
501 2429 584 2476 ex
639 2407 840 2499 pedis
898 2410 1356 2479 vulneratione
1420 2410 1757 2479 interitus:
1834 2409 2106 2502 pudore
2159 2413 2388 2477 tamen
2444 2431 2585 2477 non

336 2512 559 2602 ipsam
597 2511 885 2601 patriam
929 2536 1118 2581 suam
1159 2521 1471 2603 repetunt
1487 2562 1508 2599 ‚
1561 2513 1684 2583 sed
1726 2513 1818 2581 ad
1856 2535 1972 2581 eos
2000 2512 2369 2604 populares
2408 2534 2584 2597 suos,

340 2614 461 2704 qui
504 2622 747 2705 sponte
792 2616 1125 2701 abierant,
1167 2615 1509 2687 accedunt
1523 2664 1544 2701 ‚
1596 2638 1768 2706 quos
1802 2616 2142 2684 inveniunt
2177 2614 2357 2684 male
2399 2615 2585 2684 affli-

341 2727 486 2790 ctos
532 2725 599 2785 et
645 2717 949 2787 dolentes
992 2719 1251 2788 infelici
1292 2718 1735 2811 profectionis
1776 2742 1936 2788 suae
1994 2740 2329 2789 successu.
2443 2719 2589 2787 lta-

339 2843 477 2910 que
499 2820 863 2907 convenit,
929 2829 1008 2891 ut
1058 2821 1135 2889 hi
1183 2822 1256 2890 in
1318 2823 1661 2912 antiquam
1724 2816 2016 2942 patriam
2065 2822 2378 2907 redeant,
2456 2823 2590 2913 ipsi

340 2933 571 2992 autem
627 2923 877 2993 horum
915 2925 1110 2993 sedes
1157 2935 1516 3024 occupent.
1635 2927 1732 2994 Et
1774 2926 2094 3015 quoniam
2141 2924 2368 2996 multis
2426 2947 2593 2995 cum·
2688 2981 2693 2988 .

343 3026 587 3104 divitiis
629 3027 1071 3147 advenerant,
1124 3029 1545 3098 communitis
1588 3030 1867 3098 urbibus
1906 3039 2100 3097 antea
2142 3028 2415 3098 vicatim
2454 3028 2593 3096 ha*

342 3130 563 3200 bitatis
610 3153 741 3200 nec
789 3131 1059 3201 moenia
1098 3130 1507 3201 habentibus
1521 3181 1541 3217 ,
1608 3154 1778 3223 opes
1834 3133 1993 3218 sibi,
2073 3140 2143 3200 et
2187 3133 2588 3222 potentiam,

344 3243 414 3302 et
458 3234 924 3324 amplificandi
961 3236 1159 3327 regni
1203 3234 1475 3327 copiam
1489 3283 1512 3321 ‚
1595 3246 1663 3304 et
1704 3239 1878 3304 nova
1919 3235 2253 3304 moliendi
2295 3234 2591 3304 faculta-

340 3345 513 3421 tem,
566 3345 654 3404 et*
682 3338 1134 3429 belligerandi
1179 3339 1633 3408 strenuitatem
1650 3386 1672 3424 ‚
1725 3339 2018 3429 denique
2064 3340 2270 3408 etiam
2303 3338 2591 3407 classem
2674 3404 2681 3410 .

339 3447 603 3536 parant.
720 3440 919 3513 Haec
972 3452 1073 3510 est
1131 3441 1310 3510 enim
1362 3435 1846 3541 Γοργοφόνη,
1928 3452 2147 3534 nupta
2198 3434 2585 3537 Περιήρει,

335 3542 749 3612 Praetemio.

549 3750 699 3818 lam
735 3746 1074 3830 Ἀλκαῖος
1120 3758 1188 3818 et
1230 3742 1676 3868 Ἱππονόμη,
1755 3748 2023 3841 opitius
2069 3747 2136 3817 et
2172 3745 2587 3839 Equipasca3
2623 3689 2631 3712 ι

340 3852 485 3922 filia
518 3854 976 3942 Μενοικέως,
1029 3851 1368 3936 Domitui‚
1415 3846 1953 3950 Ἀμφιτρύωνα
1994 3858 2062 3919 et
2098 3844 2389 3934 Ἀναξώ
2416 3875 2589 3972 pro-

212 4012 220 4019 .
343 3965 576 4026 creant
591 4004 614 4041 ‚
684 3957 1047 4026 Amtruum
1097 3964 1165 4025 et
1208 3954 1559 4045 Subigam.
1679 3954 1887 4024 Domi
1941 3955 2354 4023 manentium
2411 3956 2592 4025 enim

345 4060 481 4144 est,
536 4080 747 4148 equos
792 4059 975 4127 alere
1011 4059 1133 4149 opi
1167 4055 1491 4125 ferendae
1525 4056 1912 4126 hominibus
1928 4107 1948 4144 ,
2002 4058 2057 4126 si
2083 4057 2270 4126 domi
2313 4058 2405 4126 ad
2433 4077 2592 4130 cur-‘-

343 4183 493 4244 sum
545 4162 982 4233 instituantur.
1111 4160 1253 4247 Nisi
1313 4160 1534 4227 verius
1583 4160 1972 4230 Pheneatae
1988 4210 2009 4247 ‚
2099 4172 2174 4230 ut
2228 4162 2591 4233 Pausanias

344 4272 572 4333 narrat
607 4265 795 4333 VIII.
853 4264 990 4349 14,
1042 4262 1113 4330 2.
1166 4254 1607 4361 Λαονόμηιι,
1666 4264 2189 4356 Poplipascam‚
2240 4268 2577 4347 Γουνέως

346 4366 744 4438 Fecundani
757 4416 779 4453 ‚
845 4368 1056 4436 filiam
1070 4414 1092 4452 ‚
1156 4387 1438 4434 uxorem
1490 4365 1729 4436 Alcaei
1783 4368 1982 4440 fuisse
2028 4368 2337 4438 dixerunt
2359 4415 2381 4453 ‚
2448 4383 2589 4456 quo
2648 4454 2650 4456 ‚

351 4481 665 4561 apertum
718 4480 816 4540 est
853 4477 1122 4542 auctam
1162 4467 1662 4540 multitudinem
1709 4469 2060 4543 hominum
2077 4519 2099 4559 ,
2163 4480 2232 4540 et
2262 4469 2424 4540 inde
2468 4491 2589 4541 ex·-

454 4574 703 4644 Hmun.
769 4573 907 4650 ΟΡ.
973 4574 1062 4642 11.
1386 4611 1395 4619 -
2140 4572 2210 4646 0
