3325 5317
731 533 775 595 2
1026 501 1038 510 ’
1145 497 1150 503 ’
1318 507 1321 512 ’
1445 523 1565 587 DE
1621 523 2254 587 ARGVMENTIS

733 700 906 771 nihil
948 699 1198 768 distare
1251 701 1393 768 eins
1440 700 1833 767 sententiam
1880 697 1968 767 ab
2008 723 2090 768 ea
2105 748 2126 786 ,
2212 723 2388 790 quae
2431 724 2474 768 a
2530 723 2643 769 me
2690 700 2790 768 est
2833 695 2961 769 de·

733 806 957 892 sensa..
1046 802 1399 893 Quidquid
1438 825 1602 873 vero
1638 825 1794 872 eum
1840 794 2159 890 moverit,
2209 814 2286 874 ut
2314 805 2509 873 aliter
2541 804 2965 873 statuendum

735 914 1036 1001 putaret,
1086 907 1263 975 illud
1301 914 1483 977 certe
1528 929 1665 975 non
1710 916 1970 988 temere
2008 907 2246 975 videor
2284 909 2614 1000 colligere
2631 955 2651 993 ,
2704 907 2964 996 aliquid

738 1012 928 1104 apud
984 1015 1139 1079 eum
1196 1010 1524 1078 Draconis
1575 1010 2080 1080 Stratonicensis
2146 1012 2613 1081 auctoritatem
2654 1010 2965 1097 valuisse,

735 1116 848 1186 cui
888 1113 1328 1182 Ruhnkenius
1379 1135 1652 1203 quoque
1704 1122 1962 1182 tantum
2024 1113 2392 1199 tribuebat,
2474 1124 2549 1182 ut
2596 1113 2738 1182 hoc
2794 1122 2965 1182 teste

656 1229 663 1234 “
735 1218 1193 1309 antiquitatem
1247 1217 1430 1284 istius
1493 1225 1743 1308 poetae
1804 1218 1957 1285 satis
2012 1218 2226 1288 evinci
2294 1218 2762 1286 arbitraretur.
2855 1217 2966 1286 Ac

732 1322 903 1418 mihi
935 1320 1212 1412 quidem
1226 1367 1247 1405 ,
1300 1343 1512 1409 quum
1544 1320 2069 1389 dissertationem
2118 1321 2209 1389 de
2256 1329 2471 1389 aetate
2509 1317 2781 1411 Orphei
2827 1319 2969 1388 Ar-

720 1409 1271 1518 gonauticorum
1291 1421 1687 1508 scriberem,
1738 1443 1878 1491 non
1926 1423 2086 1491 viso
2111 1423 2440 1493 Draconis
2484 1421 2721 1492 libello
2739 1471 2768 1509 ,
2827 1444 2968 1501 ιιοιι

714 1530 980 1600 licebat
1001 1528 1297 1604 ulterius
1307 1526 1660 1647 progredi,
1713 1550 1917 1617 quam
1945 1537 2021 1596 ut
2047 1527 2223 1594 istud
2252 1526 2721 1611 testimonium,
2773 1526 2967 1616 quod

708 1619 1010 1701 'mirifice
1049 1625 1478 1724 refragatur
1460 1630 1538 1698 iis
1567 1627 1933 1699 rationibus
1952 1679 1972 1717 ,
2025 1653 2188 1720 quas
2228 1631 2454 1724 ipsum
2489 1652 2759 1698 carmen
2798 1650 2967 1719 sup-

728 1735 1112 1828 peditabat,
1154 1739 1559 1825 suspectum
1611 1731 1904 1802 reddere
1959 1748 2260 1803 conarer.
2353 1734 2623 1802 Postea
2677 1731 2965 1823 contigit

727 1839 898 1907 mihi
955 1837 1439 1944 apographum
1496 1838 1787 1947 nancisci
1847 1838 2042 1932 istius
2077 1838 2327 1927 libelli,
2419 1837 2609 1926 quod
2665 1859 2752 1903 ne
2812 1834 2961 1924 quis

729 1937 942 2027 fort'e,
994 1950 1070 2010 ut
1109 1941 1221 2027 fit,
1273 1963 1410 2025 non
1437 1927 1782 2031 integrum
1813 1922 1927 2008 aut
1952 1943 2197 2033 parum
2195 1886 2519 2008 fideliter
2548 1939 2964 2029 descriptum

726 2052 961 2137 putet,
1028 2065 1420 2163 sponsorem
1459 2042 1688 2111 habeo
1730 2047 2030 2113 omnium
2071 2045 2359 2113 maxime
2399 2043 2753 2126 idoneum,
2816 2042 2965 2109 Ba·-

729 2149 966 2232 stium,
1040 2146 1260 2215 virum
1315 2147 1828 2230 celeberrimum
1851 2196 1872 2235 ,
1971 2148 2089 2236 qui
2130 2158 2378 2239 rogatu
2430 2168 2587 2215 meo
2650 2144 2968 2215 codicem

671 2250 1172 2320 4Parisiensem
1217 2274 1333 2336 ea,
1400 2274 1536 2341 qua
1581 2251 1799 2337 solet,
1882 2250 2271 2342 diligentia,
2348 2249 2645 2319 contulit.
2768 2246 2967 2315 Nihil

648 2373 661 2414 ;
712 2354 902 2424 „enim
967 2353 1442 2446 omittendum-1²¹
1452 2355 1786 2445 putabam
1802 2400 1823 2439 ‚
1923 2377 2061 2443 quo
2113 2353 2291 2432 ‚mihi
2341 2354 2548 2444 plane
2589 2357 2965 2436 constaret,

708 2456 889 2547 ÷quid
926 2456 1346 2528 sentiendum
1378 2456 1470 2532 ,de
1509 2457 1634 2525 isto
1654 2471 1663 2478 ’
1680 2457 2030 2528 Draconis·
2052 2457 2228 2532 libro
2274 2467 2464 2526 esset.
2489 2499 2520 2506 .,
2565 2455 2673 2532 Ac
2698 2462 2967 2534 tantum

700 2559 941 2630 -abfuit
957 2607 978 2645 ,
1020 2568 1103 2630 'ut
1132 2584 1243 2629 me
1270 2560 1690 2651 poeniteret,
1733 2560 1948 2630 fidem
1997 2560 2169 2644 eiuS,
2224 2559 2404 2630 certe
2448 2557 2638 2646 quod
2681 2556 2775 2636 ad
2820 2554 2967 2625 Or-·

720 2661 987 2754 pheum
1039 2662 1340 2746 attinet,>
1384 2662 1456 2734 in
1482 2662 1987 2730 ¹dubitationem
2026 2684 2338 2746 vocasse,
2406 2669 2513 2745 ut,
2556 2680 2712 2749 quo·
2742 2660 2965 2751 magis

721 2766 975 2833 librum
1007 2763 1535 2858 considerarem,
1572 2757 1772 2832 ‘tanto
1799 2756 2027 2856 'magis
2057 2764 2510 2855 suspicionem
2534 2785 2759 2844 meam
2792 2784 2967 2846 cm}-

718 2865 978 2935 firmari
1012 2868 1484 2958 intelligerem
1602 2867 1787 2952 Quin
1840 2891 2059 2960 nuper
2112 2861 2431 2955 Haasius‚
2498 2866 2600 2933 vir
2654 2865 2968 2938 doetissi-

722 2992 919 3057 muS,
962 2969 1173 3039 velin
1201 2980 1399 3061 parte
1429 2970 1554 3040 illa
1588 2971 2189 3054 commentationis,
2239 2965 2446 3059 ,quam
2483 2970 2573 3038 de
2608 2966 2750 3037 hoc
2769 2968 2965 3038 -Dra-

725 3073 912 3144 conis
948 3073 1124 3146 libro
1161 3075 1232 3142 in
1274 3074 1547 3146 Notitiis
1586 3083 1653 3142 et
1675 3074 2054 3164 Excerptis
2071 3068 2302 3148 Mss'
2330 3070 2790 3154 bibliothecae
2816 3069 3002 3144 Ιιιι-’

725 3175 1019 3269 perialis.¹
1054 3176 1142 3256 Τ.
1187 3175 1374 3248 Vlll.
1437 3185 1610 3267 part.
1658 3176 1748 3247 11.
1802 3200 1878 3276 p
1918 3173 2278 3243 33—77.
2329 3165 2592 3259 edidit,
2637 3175 2965 3254 nonnulla

728 3279 1315 3363 commemoravit,
1390 3302 1575 3367 quae
1625 3278 1932 3364 faciant,
1977 3286 2051 3346 ut
2091 3277 2536 3346 assensionem
2581 3277 2964 3381 peritorum

724 3382 1023 3454 iudicum
1086 3380 1311 3449 haud
1339 3380 1706 3468 difficulter
1756 3379 1928 3450 mihi
1982 3379 2216 3450 videar
2267 3381 2750 3471 impetraturus
2797 3402 2961 3464 esse.
2999 3376 3002 3379 ’

726 3484 844 3555 Sic
872 3493 1101 3554 autem
1140 3483 1385 3567 sentio,
1438 3483 1688 3584 librum
1731 3485 1935 3556 istum
1980 3482 2070 3551 de
2119 3481 2347 3550 metris
2386 3489 2746 3576 poetarum
2759 3528 2808 3566 ‚
2799 3504 2965 3554 n-on

725 3590 971 3672 talem,
1021 3585 1325 3675 qualem
1337 3584 1565 3656 Draco
1606 3609 1763 3659 eum
1805 3585 2144 3669 ediderat,
2186 3577 2316 3654 sed
2358 3585 2445 3651 ab
2475 3583 2638 3658 aliis.-
2649 3585 2966 3676 interpo-
2997 3596 3006 3602 '

725 3691 942 3757 latum
970 3690 1064 3756 ad
1092 3709 1218 3756 nos
1240 3688 1616 3777 pervenisse
1632 3736 1676 3773 ,
1707 3711 1792 3758 ac
1832 3690 2126 3770 fortasse
2147 3710 2235 3764 ne
2276 3686 2614 3779 integrum
2657 3681 2961 3776 quidem.

728 3793 958 3878 Quam'
1010 3790 1355 3862 usitatum
1381 3792 1593 3862 euim
1614 3789 1820 3866 fueri}
1831 3837 1854 3876 ,9
1934 3790 2180 3880 scripta
2231 3791 2828 3881 grammaticorum
2889 3793 2964 3862 in

728 3891 1211 3984 compendium
1260 3892 1531 3985 redigi
1586 3893 1918 3982 insontique
1971 3909 2236 3962 rursum
2278 3904 2596 3985 excerpta
2643 3915 2727 3966 ex
2784 3879 2985 3966 alio-·

726 4020 879 4067 rum
919 3995 1112 4066 libris
1146 3997 1812 4096 ςιιιηιιιιαίίαιιιιιιι,
1825 3996 2180 4073 neminem
2222 3996 2423 4088 fugit.
2546 3996 2734 4084 Quin-
2783 3993 2963 4100 quae

726 4100 821 4169 ad
866 4107 1162 4170 nostram
1206 4108 1492 4170 aetatem
1526 4108 2022 4198 pervenerunt,-
2059 4101 2669 4193 -gtumnaticorum
2709 4103 2965 4192 scripta

726 4203 1058 4295 pleraque
1113 4224 1198 4271 ex
1254 4200 1656 4280 huiusmodi
1697 4205 2144 4297 ,compendiis
2213 4206 2718 4297 excerptisqsse-
2761 4213 2962 4273 enata

728 4316 902 4376 sunt.
1003 4304 1330 4373 Draconis
1367 4307 1642 4395 quidem
1666 4308 1840 4376 liber
1882 4317 2104 4376 utrum
2130 4310 2392 4400 integer
2420 4309 2537 4391 sit,
2591 4329 2712 4392 an,
2764 4307 2965 4396 quod,

727 4406 1032 4477 nondum
1087 4410 1227 4476 viso
1287 4410 1704 4500 suspicabar,
1776 4412 2071 4504 epitome
2089 4460 2109 4498 ,
2182 4433 2359 4481 nunc
2415 4433 2553 4480 non
2611 4415 2959 4499 quaeram,

688 4593 693 4596 ,
727 4510 914 4580 lllud
940 4518 1123 4582 certe
1149 4534 1285 4581 non
1310 4515 1561 4604 poterit
1584 4515 1812 4584 afferri
1828 4564 1849 4603 ,
1893 4515 2104 4606 quod,
2154 4533 2364 4607 quum
2391 4513 2781 4587 scholiastes
2804 4512 2968 4583 He·-
