<?xml version="1.0" encoding="UTF-8"?>
<!DOCTYPE html PUBLIC "-//W3C//DTD XHTML 1.0 Transitional//EN"
    "http://www.w3.org/TR/xhtml1/DTD/xhtml1-transitional.dtd">
<html xmlns="http://www.w3.org/1999/xhtml" xml:lang="en" lang="en">
 <head>
  <title>
</title>
<meta http-equiv="Content-Type" content="text/html;charset=utf-8" />
  <meta name='ocr-system' content='tesseract 3.04.00' />
  <meta name='ocr-capabilities' content='ocr_page ocr_carea ocr_par ocr_line ocrx_word'/>
</head>
<body>
  <div class='ocr_page' id='page_1' title='image "./godofrediherman01fritgoog_0114.png"; bbox 0 0 3325 5317; ppageno 0'>
   <div class='ocr_carea' id='block_1_1' title="bbox 754 470 2571 553">
    <p class='ocr_par' dir='ltr' id='par_1_1' title="bbox 754 470 2571 553">
     <span class='ocr_line' id='line_1_1' title="bbox 754 470 2571 553; baseline -0.006 -7"><span class='ocrx_word' id='word_1_1' title='bbox 754 478 884 546; x_wconf 74' lang='lat'>1⁰8·</span> <span class='ocrx_word' id='word_1_2' title='bbox 1177 473 1299 537; x_wconf 83' lang='lat' dir='ltr'>DE</span> <span class='ocrx_word' id='word_1_3' title='bbox 1354 470 1895 538; x_wconf 73' lang='lat' dir='ltr'>Mssrnonvm</span> <span class='ocrx_word' id='word_1_4' title='bbox 1956 472 2571 553; x_wconf 58' lang='lat' dir='ltr'>Qvonvnnau</span> 
     </span>
    </p>
   </div>
   <div class='ocr_carea' id='block_1_2' title="bbox 636 639 2991 1486">
    <p class='ocr_par' dir='ltr' id='par_1_2' title="bbox 636 639 2991 1486">
     <span class='ocr_line' id='line_1_2' title="bbox 754 639 2988 746; baseline -0.002 -21"><span class='ocrx_word' id='word_1_5' title='bbox 754 639 1382 744; x_wconf 70' lang='grc' dir='ltr'>εὐσυνοπτότερον</span> <span class='ocrx_word' id='word_1_6' title='bbox 1409 645 1732 746; x_wconf 63' lang='grc' dir='ltr'>γένηται·</span> <span class='ocrx_word' id='word_1_7' title='bbox 1745 667 1766 690; x_wconf 88' lang='grc'><em>·</em></span> <span class='ocrx_word' id='word_1_8' title='bbox 1841 640 1970 721; x_wconf 68' lang='grc' dir='ltr'>θεοῖ</span> <span class='ocrx_word' id='word_1_9' title='bbox 2013 644 2092 720; x_wconf 76' lang='grc' dir='ltr'><strong><em>τί</em></strong></span> <span class='ocrx_word' id='word_1_10' title='bbox 2142 646 2222 721; x_wconf 73' lang='grc' dir='ltr'>δὲ</span> <span class='ocrx_word' id='word_1_11' title='bbox 2260 641 2351 721; x_wconf 75' lang='grc' dir='ltr'>οὐ</span> <span class='ocrx_word' id='word_1_12' title='bbox 2396 643 2721 741; x_wconf 70' lang='grc' dir='ltr'>γίγνεται</span> <span class='ocrx_word' id='word_1_13' title='bbox 2766 643 2988 720; x_wconf 77' lang='grc' dir='ltr'><strong><em>πλείω</em></strong></span> 
     </span>
     <span class='ocr_line' id='line_1_3' title="bbox 754 743 2989 852; baseline -0.002 -26"><span class='ocrx_word' id='word_1_14' title='bbox 754 757 1016 852; x_wconf 74' lang='grc' dir='ltr'><em>σημεῖα</em></span> <span class='ocrx_word' id='word_1_15' title='bbox 1062 750 1213 823; x_wconf 65' lang='grc' dir='ltr'>τῶν</span> <span class='ocrx_word' id='word_1_16' title='bbox 1257 743 1672 844; x_wconf 64' lang='grc' dir='ltr'><em>τεττάρων,</em></span> <span class='ocrx_word' id='word_1_17' title='bbox 1763 747 1873 832; x_wconf 79' lang='grc' dir='ltr'>οἷς</span> <span class='ocrx_word' id='word_1_18' title='bbox 1937 745 1982 824; x_wconf 82' lang='lat' dir='ltr'>o‘</span> <span class='ocrx_word' id='word_1_19' title='bbox 2042 743 2226 831; x_wconf 70' lang='grc' dir='ltr'>ποῦς</span> <span class='ocrx_word' id='word_1_20' title='bbox 2286 749 2555 847; x_wconf 74' lang='grc' dir='ltr'>χρῆται</span> <span class='ocrx_word' id='word_1_21' title='bbox 2610 745 2805 822; x_wconf 68' lang='grc' dir='ltr'><em>κατεῖ</em></span> <span class='ocrx_word' id='word_1_22' title='bbox 2851 744 2989 846; x_wconf 77' lang='grc' dir='ltr'>τῆν</span> 
     </span>
     <span class='ocr_line' id='line_1_4' title="bbox 758 845 2989 949; baseline -0.004 -20"><span class='ocrx_word' id='word_1_23' title='bbox 758 854 991 929; x_wconf 73' lang='grc' dir='ltr'><em>αὑτοῦ</em></span> <span class='ocrx_word' id='word_1_24' title='bbox 1041 847 1393 947; x_wconf 65' lang='grc' dir='ltr'>δύναμιν,</span> <span class='ocrx_word' id='word_1_25' title='bbox 1459 849 1773 949; x_wconf 69' lang='grc' dir='ltr'>ὕστερον</span> <span class='ocrx_word' id='word_1_26' title='bbox 1818 845 2310 949; x_wconf 65' lang='grc' dir='ltr'>δειχθήσεται.</span> <span class='ocrx_word' id='word_1_27' title='bbox 2426 853 2606 922; x_wconf 74' lang='lat' dir='ltr'>Nam</span> <span class='ocrx_word' id='word_1_28' title='bbox 2653 850 2989 941; x_wconf 86' lang='lat' dir='ltr'>quemad-</span> 
     </span>
     <span class='ocr_line' id='line_1_5' title="bbox 751 950 2991 1050; baseline -0.002 -22"><span class='ocrx_word' id='word_1_29' title='bbox 751 957 1037 1042; x_wconf 84' lang='lat' dir='ltr'>modum</span> <span class='ocrx_word' id='word_1_30' title='bbox 1074 950 1297 1050; x_wconf 71' lang='grc' dir='ltr'>βάσιν</span> <span class='ocrx_word' id='word_1_31' title='bbox 1331 954 1739 1046; x_wconf 75' lang='lat' dir='ltr'>rhythmici,</span> <span class='ocrx_word' id='word_1_32' title='bbox 1814 963 1893 1024; x_wconf 87' lang='grc' dir='ltr'>ιιι</span> <span class='ocrx_word' id='word_1_33' title='bbox 1939 957 2202 1024; x_wconf 78' lang='lat' dir='ltr'>mittam</span> <span class='ocrx_word' id='word_1_34' title='bbox 2216 1002 2240 1042; x_wconf 93' lang='lat'>,</span> <span class='ocrx_word' id='word_1_35' title='bbox 2323 976 2502 1044; x_wconf 74' lang='lat' dir='ltr'>quae</span> <span class='ocrx_word' id='word_1_36' title='bbox 2541 955 2865 1025; x_wconf 79' lang='lat' dir='ltr'>Budaeus</span> <span class='ocrx_word' id='word_1_37' title='bbox 2918 954 2991 1023; x_wconf 89' lang='lat' dir='ltr'>in</span> 
     </span>
     <span class='ocr_line' id='line_1_6' title="bbox 753 1056 2990 1150; baseline -0.002 -18"><span class='ocrx_word' id='word_1_38' title='bbox 753 1060 1022 1134; x_wconf 88' lang='lat' dir='ltr'>Comm.</span> <span class='ocrx_word' id='word_1_39' title='bbox 1066 1059 1191 1129; x_wconf 81' lang='lat' dir='ltr'>Gr.</span> <span class='ocrx_word' id='word_1_40' title='bbox 1246 1058 1295 1127; x_wconf 93' lang='lat' dir='ltr'>l.</span> <span class='ocrx_word' id='word_1_41' title='bbox 1341 1059 1596 1145; x_wconf 80' lang='lat' dir='ltr'>attulit,</span> <span class='ocrx_word' id='word_1_42' title='bbox 1660 1079 1843 1128; x_wconf 86' lang='lat' dir='ltr'>nunc</span> <span class='ocrx_word' id='word_1_43' title='bbox 1894 1057 1987 1128; x_wconf 85' lang='lat' dir='ltr'>de</span> <span class='ocrx_word' id='word_1_44' title='bbox 2023 1056 2233 1145; x_wconf 84' lang='lat' dir='ltr'>thesi,</span> <span class='ocrx_word' id='word_1_45' title='bbox 2298 1081 2504 1148; x_wconf 85' lang='lat' dir='ltr'>quam</span> <span class='ocrx_word' id='word_1_46' title='bbox 2550 1058 2680 1150; x_wconf 86' lang='lat' dir='ltr'>ipsi</span> <span class='ocrx_word' id='word_1_47' title='bbox 2732 1059 2990 1145; x_wconf 86' lang='lat' dir='ltr'>dicunt,</span> 
     </span>
     <span class='ocr_line' id='line_1_7' title="bbox 749 1159 2989 1256; baseline -0.002 -22"><span class='ocrx_word' id='word_1_48' title='bbox 749 1171 1107 1256; x_wconf 86' lang='lat' dir='ltr'>usurpant,</span> <span class='ocrx_word' id='word_1_49' title='bbox 1156 1169 1234 1230; x_wconf 89' lang='lat' dir='ltr'>ut</span> <span class='ocrx_word' id='word_1_50' title='bbox 1256 1161 1691 1232; x_wconf 84' lang='lat' dir='ltr'>Aristoxenus</span> <span class='ocrx_word' id='word_1_51' title='bbox 1708 1161 1793 1237; x_wconf 86' lang='lat' dir='ltr'>fr.</span> <span class='ocrx_word' id='word_1_52' title='bbox 1817 1159 2120 1252; x_wconf 72' lang='lat' dir='ltr'>rhythm-</span> <span class='ocrx_word' id='word_1_53' title='bbox 2170 1183 2243 1254; x_wconf 96' lang='grc' dir='ltr'>Ρ.</span> <span class='ocrx_word' id='word_1_54' title='bbox 2274 1160 2448 1231; x_wconf 94' lang='grc'><strong>292.</strong></span> <span class='ocrx_word' id='word_1_55' title='bbox 2485 1159 2663 1237; x_wconf 65' lang='lat'>294.-</span> <span class='ocrx_word' id='word_1_56' title='bbox 2688 1170 2761 1231; x_wconf 83' lang='lat' dir='ltr'>et</span> <span class='ocrx_word' id='word_1_57' title='bbox 2789 1163 2989 1231; x_wconf 86' lang='lat' dir='ltr'>Psel-</span> 
     </span>
     <span class='ocr_line' id='line_1_8' title="bbox 751 1263 2988 1362; baseline -0.002 -25"><span class='ocrx_word' id='word_1_58' title='bbox 751 1268 856 1337; x_wconf 87' lang='lat' dir='ltr'>lus</span> <span class='ocrx_word' id='word_1_59' title='bbox 893 1293 966 1362; x_wconf 89' lang='lat' dir='ltr'>p.</span> <span class='ocrx_word' id='word_1_60' title='bbox 1007 1264 1181 1336; x_wconf 77' lang='grc'><strong>301.</strong></span> <span class='ocrx_word' id='word_1_61' title='bbox 1229 1286 1409 1337; x_wconf 88' lang='lat' dir='ltr'>nunc</span> <span class='ocrx_word' id='word_1_62' title='bbox 1445 1264 1540 1335; x_wconf 87' lang='lat' dir='ltr'>de</span> <span class='ocrx_word' id='word_1_63' title='bbox 1581 1264 1742 1349; x_wconf 82' lang='lat' dir='ltr'>loco</span> <span class='ocrx_word' id='word_1_64' title='bbox 1785 1275 1855 1336; x_wconf 82' lang='lat' dir='ltr'>et</span> <span class='ocrx_word' id='word_1_65' title='bbox 1897 1265 2060 1335; x_wconf 85' lang='lat' dir='ltr'>sede</span> <span class='ocrx_word' id='word_1_66' title='bbox 2094 1265 2341 1358; x_wconf 76' lang='lat' dir='ltr'>integri</span> <span class='ocrx_word' id='word_1_67' title='bbox 2376 1265 2608 1356; x_wconf 82' lang='lat' dir='ltr'>pedis,</span> <span class='ocrx_word' id='word_1_68' title='bbox 2659 1274 2736 1333; x_wconf 78' lang='lat' dir='ltr'>ut</span> <span class='ocrx_word' id='word_1_69' title='bbox 2776 1263 2988 1337; x_wconf 82' lang='lat' dir='ltr'>scho-</span> 
     </span>
     <span class='ocr_line' id='line_1_9' title="bbox 636 1366 2988 1486; baseline -0.002 -45"><span class='ocrx_word' id='word_1_70' title='bbox 636 1374 642 1383; x_wconf 85' lang='lat'>&#39;</span> <span class='ocrx_word' id='word_1_71' title='bbox 750 1373 977 1441; x_wconf 84' lang='lat' dir='ltr'>liastes</span> <span class='ocrx_word' id='word_1_72' title='bbox 1014 1366 1542 1461; x_wconf 76' lang='lat' dir='ltr'>Hephaestionis</span> <span class='ocrx_word' id='word_1_73' title='bbox 1599 1391 1675 1486; x_wconf 87' lang='lat' dir='ltr'>p.</span> <span class='ocrx_word' id='word_1_74' title='bbox 1712 1366 1841 1437; x_wconf 78' lang='lat'>44.</span> <span class='ocrx_word' id='word_1_75' title='bbox 1894 1377 1965 1437; x_wconf 87' lang='lat' dir='ltr'>et</span> <span class='ocrx_word' id='word_1_76' title='bbox 2005 1368 2336 1460; x_wconf 75' lang='lat' dir='ltr'>interpres</span> <span class='ocrx_word' id='word_1_77' title='bbox 2376 1367 2856 1459; x_wconf 81' lang='lat' dir='ltr'>Aristophanis</span> <span class='ocrx_word' id='word_1_78' title='bbox 2894 1367 2988 1437; x_wconf 80' lang='lat' dir='ltr'>ad</span> 
     </span>
    </p>
   </div>
   <div class='ocr_carea' id='block_1_3' title="bbox 750 1470 3105 1558">
    <p class='ocr_par' dir='ltr' id='par_1_3' title="bbox 750 1470 3105 1558">
     <span class='ocr_line' id='line_1_10' title="bbox 750 1470 3105 1558; baseline 0 -13"><span class='ocrx_word' id='word_1_79' title='bbox 750 1475 931 1545; x_wconf 90' lang='lat' dir='ltr'>Nub.</span> <span class='ocrx_word' id='word_1_80' title='bbox 967 1470 1145 1553; x_wconf 72' lang='lat'><strong>652.</strong></span> <span class='ocrx_word' id='word_1_81' title='bbox 1197 1495 1377 1542; x_wconf 73' lang='lat' dir='ltr'>nunc</span> <span class='ocrx_word' id='word_1_82' title='bbox 1418 1483 1621 1541; x_wconf 72' lang='lat' dir='ltr'>etiam</span> <span class='ocrx_word' id='word_1_83' title='bbox 1659 1471 1964 1542; x_wconf 83' lang='lat' dir='ltr'>universe</span> <span class='ocrx_word' id='word_1_84' title='bbox 2003 1470 2098 1540; x_wconf 91' lang='lat' dir='ltr'>de</span> <span class='ocrx_word' id='word_1_85' title='bbox 2133 1472 2396 1543; x_wconf 89' lang='lat' dir='ltr'>incessu</span> <span class='ocrx_word' id='word_1_86' title='bbox 2434 1471 2698 1541; x_wconf 87' lang='lat' dir='ltr'>numeri</span> <span class='ocrx_word' id='word_1_87' title='bbox 2734 1470 2989 1558; x_wconf 82' lang='lat' dir='ltr'>dicunt,</span> <span class='ocrx_word' id='word_1_88' title='bbox 3101 1538 3105 1545; x_wconf 90' lang='lat'><strong><em>.</em></strong></span> 
     </span>
    </p>
   </div>
   <div class='ocr_carea' id='block_1_4' title="bbox 694 1573 2990 2914">
    <p class='ocr_par' dir='ltr' id='par_1_4' title="bbox 694 1573 2990 2914">
     <span class='ocr_line' id='line_1_11' title="bbox 750 1573 2990 1667; baseline -0.003 -18"><span class='ocrx_word' id='word_1_89' title='bbox 750 1587 829 1648; x_wconf 84' lang='lat' dir='ltr'>ut</span> <span class='ocrx_word' id='word_1_90' title='bbox 865 1576 1191 1648; x_wconf 80' lang='lat' dir='ltr'>Aristides</span> <span class='ocrx_word' id='word_1_91' title='bbox 1236 1598 1310 1667; x_wconf 96' lang='grc' dir='ltr'>Ρ.</span> <span class='ocrx_word' id='word_1_92' title='bbox 1352 1574 1475 1644; x_wconf 96' lang='grc'><strong>38.</strong></span> <span class='ocrx_word' id='word_1_93' title='bbox 1529 1599 1593 1644; x_wconf 75' lang='lat' dir='ltr'>v.</span> <span class='ocrx_word' id='word_1_94' title='bbox 1649 1574 1773 1643; x_wconf 90' lang='grc'>22.</span> <span class='ocrx_word' id='word_1_95' title='bbox 1829 1575 1941 1646; x_wconf 89' lang='lat' dir='ltr'>cui</span> <span class='ocrx_word' id='word_1_96' title='bbox 1986 1574 2244 1645; x_wconf 85' lang='lat' dir='ltr'>addere</span> <span class='ocrx_word' id='word_1_97' title='bbox 2292 1597 2565 1667; x_wconf 88' lang='lat' dir='ltr'>possem</span> <span class='ocrx_word' id='word_1_98' title='bbox 2622 1573 2855 1644; x_wconf 89' lang='lat' dir='ltr'>locum</span> <span class='ocrx_word' id='word_1_99' title='bbox 2907 1595 2990 1643; x_wconf 89' lang='lat' dir='ltr'>ex</span> 
     </span>
     <span class='ocr_line' id='line_1_12' title="bbox 746 1677 2990 1777; baseline -0.002 -26"><span class='ocrx_word' id='word_1_100' title='bbox 746 1681 1002 1751; x_wconf 88' lang='lat' dir='ltr'>inedito</span> <span class='ocrx_word' id='word_1_101' title='bbox 1032 1679 1128 1748; x_wconf 84' lang='lat' dir='ltr'>de</span> <span class='ocrx_word' id='word_1_102' title='bbox 1154 1681 1383 1748; x_wconf 85' lang='lat' dir='ltr'>metris</span> <span class='ocrx_word' id='word_1_103' title='bbox 1409 1679 1648 1748; x_wconf 89' lang='lat' dir='ltr'>libello</span> <span class='ocrx_word' id='word_1_104' title='bbox 1666 1701 1688 1746; x_wconf 72' lang='grc' dir='ltr'><strong><em>ε</em></strong></span> <span class='ocrx_word' id='word_1_105' title='bbox 1749 1678 1848 1747; x_wconf 83' lang='lat' dir='ltr'>ita</span> <span class='ocrx_word' id='word_1_106' title='bbox 1886 1677 2097 1748; x_wconf 89' lang='lat' dir='ltr'>etiam</span> <span class='ocrx_word' id='word_1_107' title='bbox 2134 1684 2431 1777; x_wconf 73' lang='grc' dir='ltr'><strong><em>σημεῖον</em></strong></span> <span class='ocrx_word' id='word_1_108' title='bbox 2466 1677 2687 1761; x_wconf 72' lang='lat' dir='ltr'>modu</span> <span class='ocrx_word' id='word_1_109' title='bbox 2726 1688 2990 1747; x_wconf 83' lang='lat' dir='ltr'>moram</span> 
     </span>
     <span class='ocr_line' id='line_1_13' title="bbox 747 1781 2989 1876; baseline 0 -22"><span class='ocrx_word' id='word_1_110' title='bbox 747 1786 889 1854; x_wconf 84' lang='lat' dir='ltr'>sive</span> <span class='ocrx_word' id='word_1_111' title='bbox 947 1792 1216 1874; x_wconf 85' lang='lat' dir='ltr'>tempus</span> <span class='ocrx_word' id='word_1_112' title='bbox 1268 1790 1516 1852; x_wconf 84' lang='lat' dir='ltr'>vocant</span> <span class='ocrx_word' id='word_1_113' title='bbox 1529 1829 1554 1867; x_wconf 93' lang='lat'>,</span> <span class='ocrx_word' id='word_1_114' title='bbox 1630 1782 1819 1853; x_wconf 85' lang='lat' dir='ltr'>cuius</span> <span class='ocrx_word' id='word_1_115' title='bbox 1860 1781 2366 1876; x_wconf 81' lang='lat' dir='ltr'>significationis</span> <span class='ocrx_word' id='word_1_116' title='bbox 2409 1782 2724 1874; x_wconf 83' lang='lat' dir='ltr'>exempla</span> <span class='ocrx_word' id='word_1_117' title='bbox 2767 1781 2989 1855; x_wconf 80' lang='lat' dir='ltr'>attulit</span> 
     </span>
     <span class='ocr_line' id='line_1_14' title="bbox 743 1878 2989 1979; baseline -0.001 -23"><span class='ocrx_word' id='word_1_118' title='bbox 743 1884 1117 1956; x_wconf 81' lang='lat' dir='ltr'>Motellius-</span> <span class='ocrx_word' id='word_1_119' title='bbox 1138 1885 1232 1955; x_wconf 85' lang='lat' dir='ltr'>ad</span> <span class='ocrx_word' id='word_1_120' title='bbox 1258 1885 1638 1956; x_wconf 77' lang='lat' dir='ltr'>Aristoxeni</span> <span class='ocrx_word' id='word_1_121' title='bbox 1665 1886 1750 1954; x_wconf 85' lang='lat' dir='ltr'>fr.</span> <span class='ocrx_word' id='word_1_122' title='bbox 1781 1908 1856 1979; x_wconf 87' lang='lat' dir='ltr'>p.</span> <span class='ocrx_word' id='word_1_123' title='bbox 1887 1884 2061 1955; x_wconf 82' lang='grc'><strong>289.</strong></span> <span class='ocrx_word' id='word_1_124' title='bbox 2103 1908 2155 1954; x_wconf 87' lang='lat' dir='ltr'>s.</span> <span class='ocrx_word' id='word_1_125' title='bbox 2188 1886 2403 1956; x_wconf 92' lang='lat' dir='ltr'>modo</span> <span class='ocrx_word' id='word_1_126' title='bbox 2448 1878 2711 1955; x_wconf 83' lang='lat' dir='ltr'>motu&#39;m</span> <span class='ocrx_word' id='word_1_127' title='bbox 2755 1884 2989 1955; x_wconf 84' lang='lat' dir='ltr'>dicunt</span> 
     </span>
     <span class='ocr_line' id='line_1_15' title="bbox 747 1988 2988 2080; baseline -0.001 -19"><span class='ocrx_word' id='word_1_128' title='bbox 747 2012 993 2078; x_wconf 88' lang='lat' dir='ltr'>unum,</span> <span class='ocrx_word' id='word_1_129' title='bbox 1043 1988 1198 2078; x_wconf 88' lang='lat' dir='ltr'>qui,</span> <span class='ocrx_word' id='word_1_130' title='bbox 1261 1997 1339 2058; x_wconf 90' lang='lat' dir='ltr'>ut</span> <span class='ocrx_word' id='word_1_131' title='bbox 1377 2012 1546 2059; x_wconf 87' lang='lat' dir='ltr'>unus</span> <span class='ocrx_word' id='word_1_132' title='bbox 1585 2010 1823 2075; x_wconf 77' lang='lat' dir='ltr'>sonuS,</span> <span class='ocrx_word' id='word_1_133' title='bbox 1873 1989 1985 2059; x_wconf 84' lang='lat' dir='ltr'>vel</span> <span class='ocrx_word' id='word_1_134' title='bbox 2028 2011 2163 2057; x_wconf 85' lang='lat' dir='ltr'>nna</span> <span class='ocrx_word' id='word_1_135' title='bbox 2200 1990 2499 2080; x_wconf 79' lang='lat' dir='ltr'>syllaba,</span> <span class='ocrx_word' id='word_1_136' title='bbox 2548 1998 2816 2080; x_wconf 86' lang='lat' dir='ltr'>partem</span> <span class='ocrx_word' id='word_1_137' title='bbox 2855 2010 2988 2080; x_wconf 87' lang='lat' dir='ltr'>pc-</span> 
     </span>
     <span class='ocr_line' id='line_1_16' title="bbox 748 2091 2989 2184; baseline -0 -22"><span class='ocrx_word' id='word_1_138' title='bbox 748 2094 853 2163; x_wconf 84' lang='lat' dir='ltr'>dis</span> <span class='ocrx_word' id='word_1_139' title='bbox 898 2093 1179 2184; x_wconf 80' lang='lat' dir='ltr'>implet,</span> <span class='ocrx_word' id='word_1_140' title='bbox 1229 2102 1307 2163; x_wconf 89' lang='lat' dir='ltr'>ut</span> <span class='ocrx_word' id='word_1_141' title='bbox 1349 2093 1785 2163; x_wconf 75' lang='lat' dir='ltr'>Aristoxenus</span> <span class='ocrx_word' id='word_1_142' title='bbox 1822 2093 1895 2162; x_wconf 94' lang='lat' dir='ltr'>in</span> <span class='ocrx_word' id='word_1_143' title='bbox 1939 2092 2025 2161; x_wconf 86' lang='lat' dir='ltr'>fr.</span> <span class='ocrx_word' id='word_1_144' title='bbox 2068 2114 2142 2184; x_wconf 88' lang='lat' dir='ltr'>p.</span> <span class='ocrx_word' id='word_1_145' title='bbox 2189 2091 2363 2163; x_wconf 77' lang='lat'><strong>278.</strong></span> <span class='ocrx_word' id='word_1_146' title='bbox 2411 2091 2585 2162; x_wconf 88' lang='grc'><strong>282.</strong></span> <span class='ocrx_word' id='word_1_147' title='bbox 2638 2100 2710 2162; x_wconf 87' lang='lat' dir='ltr'>et</span> <span class='ocrx_word' id='word_1_148' title='bbox 2747 2091 2989 2162; x_wconf 84' lang='lat' dir='ltr'>Aristi-</span> 
     </span>
     <span class='ocr_line' id='line_1_17' title="bbox 748 2195 2986 2289; baseline 0 -24"><span class='ocrx_word' id='word_1_149' title='bbox 748 2197 873 2266; x_wconf 84' lang='lat' dir='ltr'>des</span> <span class='ocrx_word' id='word_1_150' title='bbox 909 2221 982 2289; x_wconf 87' lang='lat' dir='ltr'>p.</span> <span class='ocrx_word' id='word_1_151' title='bbox 1030 2195 1153 2267; x_wconf 88' lang='grc'>32.</span> <span class='ocrx_word' id='word_1_152' title='bbox 1199 2197 1420 2276; x_wconf 91' lang='lat' dir='ltr'>modo</span> <span class='ocrx_word' id='word_1_153' title='bbox 1442 2197 1748 2266; x_wconf 83' lang='lat' dir='ltr'>universe</span> <span class='ocrx_word' id='word_1_154' title='bbox 1791 2196 1999 2266; x_wconf 81' lang='lat' dir='ltr'>talem</span> <span class='ocrx_word' id='word_1_155' title='bbox 2037 2195 2238 2288; x_wconf 83' lang='lat' dir='ltr'>pedis</span> <span class='ocrx_word' id='word_1_156' title='bbox 2277 2205 2546 2288; x_wconf 86' lang='lat' dir='ltr'>partem</span> <span class='ocrx_word' id='word_1_157' title='bbox 2578 2195 2986 2288; x_wconf 78' lang='lat' dir='ltr'>intelligunt,</span> 
     </span>
     <span class='ocr_line' id='line_1_18' title="bbox 747 2299 2986 2390; baseline -0.002 -20"><span class='ocrx_word' id='word_1_158' title='bbox 747 2301 884 2370; x_wconf 80' lang='lat' dir='ltr'>sive</span> <span class='ocrx_word' id='word_1_159' title='bbox 931 2322 1014 2369; x_wconf 89' lang='lat' dir='ltr'>ea</span> <span class='ocrx_word' id='word_1_160' title='bbox 1040 2306 1232 2369; x_wconf 88' lang='lat' dir='ltr'>motu</span> <span class='ocrx_word' id='word_1_161' title='bbox 1248 2347 1270 2387; x_wconf 94' lang='lat'>,</span> <span class='ocrx_word' id='word_1_162' title='bbox 1319 2323 1439 2371; x_wconf 89' lang='lat' dir='ltr'>seu</span> <span class='ocrx_word' id='word_1_163' title='bbox 1481 2322 1684 2384; x_wconf 90' lang='lat' dir='ltr'>sono,</span> <span class='ocrx_word' id='word_1_164' title='bbox 1735 2322 1856 2369; x_wconf 89' lang='lat' dir='ltr'>seu</span> <span class='ocrx_word' id='word_1_165' title='bbox 1895 2300 2160 2390; x_wconf 76' lang='lat' dir='ltr'>syllaba</span> <span class='ocrx_word' id='word_1_166' title='bbox 2195 2301 2649 2386; x_wconf 83' lang='lat' dir='ltr'>contineatur,</span> <span class='ocrx_word' id='word_1_167' title='bbox 2686 2309 2763 2371; x_wconf 87' lang='grc' dir='ltr'>ιιι</span> <span class='ocrx_word' id='word_1_168' title='bbox 2799 2299 2986 2367; x_wconf 80' lang='lat' dir='ltr'>idem</span> 
     </span>
     <span class='ocr_line' id='line_1_19' title="bbox 743 2400 2987 2497; baseline -0.002 -22"><span class='ocrx_word' id='word_1_169' title='bbox 743 2404 1190 2475; x_wconf 79' lang='lat' dir='ltr'>Aristoxenus·</span> <span class='ocrx_word' id='word_1_170' title='bbox 1231 2427 1306 2497; x_wconf 88' lang='lat' dir='ltr'>p.</span> <span class='ocrx_word' id='word_1_171' title='bbox 1355 2403 1529 2474; x_wconf 89' lang='grc'><strong>288.</strong></span> <span class='ocrx_word' id='word_1_172' title='bbox 1570 2403 1746 2478; x_wconf 82' lang='grc'><strong>299.</strong></span> <span class='ocrx_word' id='word_1_173' title='bbox 1791 2401 1966 2472; x_wconf 89' lang='grc'><strong>292.</strong></span> <span class='ocrx_word' id='word_1_174' title='bbox 2011 2413 2082 2473; x_wconf 85' lang='lat' dir='ltr'>et</span> <span class='ocrx_word' id='word_1_175' title='bbox 2124 2404 2385 2474; x_wconf 85' lang='lat' dir='ltr'>Psellus</span> <span class='ocrx_word' id='word_1_176' title='bbox 2422 2427 2497 2496; x_wconf 89' lang='lat' dir='ltr'>p.</span> <span class='ocrx_word' id='word_1_177' title='bbox 2546 2400 2721 2472; x_wconf 85' lang='grc'><strong>391.</strong></span> <span class='ocrx_word' id='word_1_178' title='bbox 2775 2401 2987 2471; x_wconf 80' lang='lat' dir='ltr'>inter-</span> 
     </span>
     <span class='ocr_line' id='line_1_20' title="bbox 748 2504 2985 2600; baseline -0.001 -23"><span class='ocrx_word' id='word_1_179' title='bbox 748 2508 916 2577; x_wconf 84' lang='lat' dir='ltr'>dum</span> <span class='ocrx_word' id='word_1_180' title='bbox 963 2524 1128 2577; x_wconf 83' lang='lat' dir='ltr'>vero</span> <span class='ocrx_word' id='word_1_181' title='bbox 1173 2510 1378 2577; x_wconf 86' lang='lat' dir='ltr'>etiam</span> <span class='ocrx_word' id='word_1_182' title='bbox 1432 2508 1625 2577; x_wconf 88' lang='lat' dir='ltr'>illam</span> <span class='ocrx_word' id='word_1_183' title='bbox 1671 2508 1870 2600; x_wconf 86' lang='lat' dir='ltr'>pedis</span> <span class='ocrx_word' id='word_1_184' title='bbox 1917 2517 2219 2599; x_wconf 85' lang='lat' dir='ltr'>partem,</span> <span class='ocrx_word' id='word_1_185' title='bbox 2284 2530 2461 2598; x_wconf 87' lang='lat' dir='ltr'>quae</span> <span class='ocrx_word' id='word_1_186' title='bbox 2501 2505 2620 2594; x_wconf 76' lang='lat' dir='ltr'>vel</span> <span class='ocrx_word' id='word_1_187' title='bbox 2667 2505 2827 2586; x_wconf 73' lang='lat' dir='ltr'>arsis</span> <span class='ocrx_word' id='word_1_188' title='bbox 2871 2504 2985 2575; x_wconf 86' lang='lat' dir='ltr'>vel</span> 
     </span>
     <span class='ocr_line' id='line_1_21' title="bbox 747 2607 2985 2703; baseline -0.002 -22"><span class='ocrx_word' id='word_1_189' title='bbox 747 2611 959 2681; x_wconf 88' lang='lat' dir='ltr'>thesis</span> <span class='ocrx_word' id='word_1_190' title='bbox 999 2620 1135 2702; x_wconf 84' lang='lat' dir='ltr'>est,</span> <span class='ocrx_word' id='word_1_191' title='bbox 1198 2612 1402 2681; x_wconf 87' lang='lat' dir='ltr'>etiam</span> <span class='ocrx_word' id='word_1_192' title='bbox 1442 2611 1497 2679; x_wconf 86' lang='lat' dir='ltr'>si</span> <span class='ocrx_word' id='word_1_193' title='bbox 1544 2633 1629 2679; x_wconf 87' lang='lat' dir='ltr'>ex</span> <span class='ocrx_word' id='word_1_194' title='bbox 1670 2610 1980 2703; x_wconf 89' lang='lat' dir='ltr'>pluribus</span> <span class='ocrx_word' id='word_1_195' title='bbox 2021 2609 2136 2679; x_wconf 82' lang='lat' dir='ltr'>vel</span> <span class='ocrx_word' id='word_1_196' title='bbox 2186 2611 2362 2680; x_wconf 90' lang='lat' dir='ltr'>sonis</span> <span class='ocrx_word' id='word_1_197' title='bbox 2408 2610 2521 2680; x_wconf 86' lang='lat' dir='ltr'>vel</span> <span class='ocrx_word' id='word_1_198' title='bbox 2561 2608 2832 2700; x_wconf 73' lang='lat' dir='ltr'>syllabis</span> <span class='ocrx_word' id='word_1_199' title='bbox 2866 2607 2985 2678; x_wconf 83' lang='lat' dir='ltr'>vel</span> 
     </span>
     <span class='ocr_line' id='line_1_22' title="bbox 694 2711 2979 2807; baseline -0 -20"><span class='ocrx_word' id='word_1_200' title='bbox 694 2715 1043 2787; x_wconf 73' lang='lat' dir='ltr'>omatibus</span> <span class='ocrx_word' id='word_1_201' title='bbox 1082 2722 1376 2800; x_wconf 87' lang='lat' dir='ltr'>constet,</span> <span class='ocrx_word' id='word_1_202' title='bbox 1452 2713 1729 2783; x_wconf 89' lang='lat' dir='ltr'>nomine</span> <span class='ocrx_word' id='word_1_203' title='bbox 1770 2713 1900 2782; x_wconf 84' lang='lat' dir='ltr'>isto</span> <span class='ocrx_word' id='word_1_204' title='bbox 1941 2714 2319 2807; x_wconf 81' lang='lat' dir='ltr'>significant</span> <span class='ocrx_word' id='word_1_205' title='bbox 2333 2763 2356 2801; x_wconf 99' lang='lat'>,</span> <span class='ocrx_word' id='word_1_206' title='bbox 2420 2723 2502 2783; x_wconf 90' lang='lat' dir='ltr'>ut</span> <span class='ocrx_word' id='word_1_207' title='bbox 2537 2711 2864 2783; x_wconf 79' lang='lat' dir='ltr'>Aristides</span> <span class='ocrx_word' id='word_1_208' title='bbox 2902 2734 2979 2804; x_wconf 86' lang='lat' dir='ltr'>p.</span> 
     </span>
     <span class='ocr_line' id='line_1_23' title="bbox 745 2814 2983 2914; baseline 0 -28"><span class='ocrx_word' id='word_1_209' title='bbox 745 2816 869 2890; x_wconf 83' lang='grc'><strong>39.</strong></span> <span class='ocrx_word' id='word_1_210' title='bbox 910 2837 1250 2909; x_wconf 79' lang='lat' dir='ltr'>paeonem</span> <span class='ocrx_word' id='word_1_211' title='bbox 1303 2817 1660 2908; x_wconf 80' lang='lat' dir='ltr'>diagyium</span> <span class='ocrx_word' id='word_1_212' title='bbox 1706 2837 1791 2885; x_wconf 89' lang='lat' dir='ltr'>ex</span> <span class='ocrx_word' id='word_1_213' title='bbox 1846 2814 2110 2886; x_wconf 87' lang='lat' dir='ltr'>duobus</span> <span class='ocrx_word' id='word_1_214' title='bbox 2161 2815 2484 2914; x_wconf 77' lang='grc' dir='ltr'><strong><em>σημείοις</em></strong></span> <span class='ocrx_word' id='word_1_215' title='bbox 2528 2815 2983 2907; x_wconf 88' lang='lat' dir='ltr'>compositum</span> 
     </span>
    </p>
   </div>
   <div class='ocr_carea' id='block_1_5' title="bbox 743 2919 3094 3122">
    <p class='ocr_par' dir='ltr' id='par_1_5' title="bbox 743 2919 3094 3122">
     <span class='ocr_line' id='line_1_24' title="bbox 744 2919 3086 3013; baseline 0 -25"><span class='ocrx_word' id='word_1_216' title='bbox 744 2920 1013 3005; x_wconf 79' lang='lat' dir='ltr'>dicenS,</span> <span class='ocrx_word' id='word_1_217' title='bbox 1079 2919 1195 3009; x_wconf 89' lang='lat' dir='ltr'>qui</span> <span class='ocrx_word' id='word_1_218' title='bbox 1243 2941 1369 3013; x_wconf 85' lang='lat' dir='ltr'>pes</span> <span class='ocrx_word' id='word_1_219' title='bbox 1408 2920 1571 2989; x_wconf 87' lang='lat' dir='ltr'>alias</span> <span class='ocrx_word' id='word_1_220' title='bbox 1613 2919 1727 2989; x_wconf 85' lang='lat' dir='ltr'>vel</span> <span class='ocrx_word' id='word_1_221' title='bbox 1766 2919 2062 3010; x_wconf 86' lang='lat' dir='ltr'>quinque</span> <span class='ocrx_word' id='word_1_222' title='bbox 2105 2920 2221 2989; x_wconf 84' lang='lat' dir='ltr'>vel</span> <span class='ocrx_word' id='word_1_223' title='bbox 2275 2921 2402 2989; x_wconf 88' lang='lat' dir='ltr'>tria</span> <span class='ocrx_word' id='word_1_224' title='bbox 2443 2921 2767 2992; x_wconf 87' lang='lat' dir='ltr'>dicendus</span> <span class='ocrx_word' id='word_1_225' title='bbox 2810 2928 2983 2989; x_wconf 82' lang='lat' dir='ltr'>esset</span> <span class='ocrx_word' id='word_1_226' title='bbox 3081 3001 3086 3006; x_wconf 42' lang='grc'>,</span> 
     </span>
     <span class='ocr_line' id='line_1_25' title="bbox 743 3021 3094 3122; baseline -0.003 -24"><span class='ocrx_word' id='word_1_227' title='bbox 743 3028 1004 3122; x_wconf 77' lang='grc' dir='ltr'><strong><em>σημεῖα</em></strong></span> <span class='ocrx_word' id='word_1_228' title='bbox 1040 3021 1321 3094; x_wconf 85' lang='lat' dir='ltr'>habere.</span> <span class='ocrx_word' id='word_1_229' title='bbox 1420 3023 1563 3093; x_wconf 84' lang='lat' dir='ltr'>Sed</span> <span class='ocrx_word' id='word_1_230' title='bbox 1607 3022 1789 3095; x_wconf 85' lang='lat' dir='ltr'>haec</span> <span class='ocrx_word' id='word_1_231' title='bbox 1833 3023 2068 3094; x_wconf 87' lang='lat' dir='ltr'>obiter.</span> <span class='ocrx_word' id='word_1_232' title='bbox 2134 3038 2141 3047; x_wconf 76' lang='grc'><strong>“</strong></span> <span class='ocrx_word' id='word_1_233' title='bbox 2172 3024 2373 3110; x_wconf 74' lang='lat' dir='ltr'>Quae</span> <span class='ocrx_word' id='word_1_234' title='bbox 2415 3033 2641 3094; x_wconf 84' lang='lat' dir='ltr'>cer-tae</span> <span class='ocrx_word' id='word_1_235' title='bbox 2671 3023 2983 3094; x_wconf 83' lang='lat' dir='ltr'>videntur</span> <span class='ocrx_word' id='word_1_236' title='bbox 3082 3057 3094 3065; x_wconf 40' lang='grc' dir='ltr'>ι</span> 
     </span>
    </p>
   </div>
   <div class='ocr_carea' id='block_1_6' title="bbox 736 3125 2982 3740">
    <p class='ocr_par' dir='ltr' id='par_1_6' title="bbox 736 3125 2982 3740">
     <span class='ocr_line' id='line_1_26' title="bbox 742 3125 2982 3220; baseline -0 -25"><span class='ocrx_word' id='word_1_237' title='bbox 742 3125 1285 3217; x_wconf 79' lang='lat' dir='ltr'>rhythmicorum</span> <span class='ocrx_word' id='word_1_238' title='bbox 1325 3149 1710 3215; x_wconf 77' lang='lat' dir='ltr'>mensurae,</span> <span class='ocrx_word' id='word_1_239' title='bbox 1760 3136 1911 3196; x_wconf 89' lang='lat' dir='ltr'>sunt</span> <span class='ocrx_word' id='word_1_240' title='bbox 1924 3175 1946 3214; x_wconf 90' lang='lat'>,</span> <span class='ocrx_word' id='word_1_241' title='bbox 1996 3138 2269 3219; x_wconf 82' lang='lat' dir='ltr'>praeter</span> <span class='ocrx_word' id='word_1_242' title='bbox 2303 3128 2684 3220; x_wconf 78' lang='lat' dir='ltr'>simplicem</span> <span class='ocrx_word' id='word_1_243' title='bbox 2726 3136 2797 3197; x_wconf 90' lang='lat' dir='ltr'>et</span> <span class='ocrx_word' id='word_1_244' title='bbox 2847 3125 2982 3195; x_wconf 88' lang='lat' dir='ltr'>du-</span> 
     </span>
     <span class='ocr_line' id='line_1_27' title="bbox 742 3222 2980 3324; baseline 0 -27"><span class='ocrx_word' id='word_1_245' title='bbox 742 3231 996 3323; x_wconf 89' lang='lat' dir='ltr'>plicem</span> <span class='ocrx_word' id='word_1_246' title='bbox 1010 3281 1031 3320; x_wconf 84' lang='lat'><strong><em>‚</em></strong></span> <span class='ocrx_word' id='word_1_247' title='bbox 1099 3222 1528 3324; x_wconf 81' lang='lat' dir='ltr'>quadruplex</span> <span class='ocrx_word' id='word_1_248' title='bbox 1566 3241 1635 3301; x_wconf 88' lang='lat' dir='ltr'>et</span> <span class='ocrx_word' id='word_1_249' title='bbox 1680 3232 2022 3323; x_wconf 82' lang='lat' dir='ltr'>octuplex.</span> <span class='ocrx_word' id='word_1_250' title='bbox 2123 3232 2283 3301; x_wconf 89' lang='lat' dir='ltr'>Hae</span> <span class='ocrx_word' id='word_1_251' title='bbox 2331 3233 2572 3301; x_wconf 86' lang='lat' dir='ltr'>ambae</span> <span class='ocrx_word' id='word_1_252' title='bbox 2617 3232 2688 3300; x_wconf 92' lang='lat' dir='ltr'>in</span> <span class='ocrx_word' id='word_1_253' title='bbox 2731 3228 2980 3315; x_wconf 81' lang='lat' dir='ltr'>orthio,</span> 
     </span>
     <span class='ocr_line' id='line_1_28' title="bbox 741 3331 2980 3426; baseline -0.001 -22"><span class='ocrx_word' id='word_1_254' title='bbox 741 3331 1209 3424; x_wconf 85' lang='lat' dir='ltr'>trochaeoque</span> <span class='ocrx_word' id='word_1_255' title='bbox 1259 3345 1564 3405; x_wconf 83' lang='lat' dir='ltr'>semanto</span> <span class='ocrx_word' id='word_1_256' title='bbox 1610 3336 2062 3416; x_wconf 77' lang='lat' dir='ltr'>inveniuntur3</span> <span class='ocrx_word' id='word_1_257' title='bbox 2122 3334 2551 3426; x_wconf 82' lang='lat' dir='ltr'>quadruplex</span> <span class='ocrx_word' id='word_1_258' title='bbox 2601 3337 2838 3422; x_wconf 86' lang='lat' dir='ltr'>etiam,</span> <span class='ocrx_word' id='word_1_259' title='bbox 2902 3341 2980 3402; x_wconf 90' lang='lat' dir='ltr'>ut</span> 
     </span>
     <span class='ocr_line' id='line_1_29' title="bbox 741 3436 2979 3532; baseline -0.001 -24"><span class='ocrx_word' id='word_1_260' title='bbox 741 3438 1044 3525; x_wconf 83' lang='lat' dir='ltr'>videtur,</span> <span class='ocrx_word' id='word_1_261' title='bbox 1105 3438 1176 3506; x_wconf 94' lang='lat' dir='ltr'>in</span> <span class='ocrx_word' id='word_1_262' title='bbox 1217 3438 1525 3532; x_wconf 82' lang='lat' dir='ltr'>spondeo</span> <span class='ocrx_word' id='word_1_263' title='bbox 1570 3441 1829 3508; x_wconf 87' lang='lat' dir='ltr'>maiore</span> <span class='ocrx_word' id='word_1_264' title='bbox 1867 3460 1986 3508; x_wconf 87' lang='lat' dir='ltr'>seu</span> <span class='ocrx_word' id='word_1_265' title='bbox 2028 3438 2307 3531; x_wconf 88' lang='lat' dir='ltr'>duplici.</span> <span class='ocrx_word' id='word_1_266' title='bbox 2407 3438 2557 3508; x_wconf 88' lang='lat' dir='ltr'>Etsi</span> <span class='ocrx_word' id='word_1_267' title='bbox 2590 3439 2768 3507; x_wconf 92' lang='lat' dir='ltr'>enim</span> <span class='ocrx_word' id='word_1_268' title='bbox 2788 3486 2811 3524; x_wconf 93' lang='lat'>,</span> <span class='ocrx_word' id='word_1_269' title='bbox 2859 3436 2979 3525; x_wconf 88' lang='lat' dir='ltr'>qui</span> 
     </span>
     <span class='ocr_line' id='line_1_30' title="bbox 737 3541 2981 3635; baseline -0 -25"><span class='ocrx_word' id='word_1_270' title='bbox 737 3541 925 3611; x_wconf 90' lang='lat' dir='ltr'>hunc</span> <span class='ocrx_word' id='word_1_271' title='bbox 967 3563 1054 3612; x_wconf 81' lang='lat' dir='ltr'>ex</span> <span class='ocrx_word' id='word_1_272' title='bbox 1099 3551 1416 3632; x_wconf 86' lang='lat' dir='ltr'>quattuor</span> <span class='ocrx_word' id='word_1_273' title='bbox 1469 3541 1749 3613; x_wconf 86' lang='lat' dir='ltr'>bimoris</span> <span class='ocrx_word' id='word_1_274' title='bbox 1794 3542 2097 3635; x_wconf 88' lang='lat' dir='ltr'>partibus</span> <span class='ocrx_word' id='word_1_275' title='bbox 2141 3552 2445 3613; x_wconf 85' lang='lat' dir='ltr'>constare</span> <span class='ocrx_word' id='word_1_276' title='bbox 2490 3543 2761 3628; x_wconf 87' lang='lat' dir='ltr'>volunt,</span> <span class='ocrx_word' id='word_1_277' title='bbox 2839 3562 2981 3609; x_wconf 91' lang='lat' dir='ltr'>non</span> 
     </span>
     <span class='ocr_line' id='line_1_31' title="bbox 736 3645 2977 3740; baseline 0 -25"><span class='ocrx_word' id='word_1_278' title='bbox 736 3646 969 3738; x_wconf 86' lang='lat' dir='ltr'>inepte</span> <span class='ocrx_word' id='word_1_279' title='bbox 1003 3646 1513 3737; x_wconf 69' lang='lat' dir='ltr'>&#39;comparatione</span> <span class='ocrx_word' id='word_1_280' title='bbox 1545 3647 1641 3716; x_wconf 89' lang='lat' dir='ltr'>uti</span> <span class='ocrx_word' id='word_1_281' title='bbox 1680 3655 1959 3740; x_wconf 83' lang='lat' dir='ltr'>possunt</span> <span class='ocrx_word' id='word_1_282' title='bbox 1988 3645 2606 3738; x_wconf 84' lang='lat' dir='ltr'>proceleusmatici,</span> <span class='ocrx_word' id='word_1_283' title='bbox 2657 3667 2864 3736; x_wconf 85' lang='lat' dir='ltr'>quem</span> <span class='ocrx_word' id='word_1_284' title='bbox 2893 3666 2977 3715; x_wconf 84' lang='lat' dir='ltr'>ex</span> 
     </span>
    </p>
   </div>
   <div class='ocr_carea' id='block_1_7' title="bbox 631 3747 2978 3843">
    <p class='ocr_par' dir='ltr' id='par_1_7' title="bbox 631 3747 2978 3843">
     <span class='ocr_line' id='line_1_32' title="bbox 631 3747 2978 3843; baseline 0 -29"><span class='ocrx_word' id='word_1_285' title='bbox 631 3808 636 3814; x_wconf 93' lang='lat'>.</span> <span class='ocrx_word' id='word_1_286' title='bbox 738 3759 1060 3840; x_wconf 81' lang='lat' dir='ltr'>quattuor</span> <span class='ocrx_word' id='word_1_287' title='bbox 1098 3751 1417 3820; x_wconf 83' lang='lat' dir='ltr'>brevibus</span> <span class='ocrx_word' id='word_1_288' title='bbox 1451 3751 1873 3843; x_wconf 87' lang='lat' dir='ltr'>temporibus</span> <span class='ocrx_word' id='word_1_289' title='bbox 1912 3751 2363 3841; x_wconf 86' lang='lat' dir='ltr'>compositum</span> <span class='ocrx_word' id='word_1_290' title='bbox 2403 3749 2700 3818; x_wconf 88' lang='lat' dir='ltr'>similiter</span> <span class='ocrx_word' id='word_1_291' title='bbox 2741 3747 2978 3841; x_wconf 86' lang='lat' dir='ltr'>dupli-</span> 
     </span>
    </p>
   </div>
   <div class='ocr_carea' id='block_1_8' title="bbox 736 3853 2977 4567">
    <p class='ocr_par' dir='ltr' id='par_1_8' title="bbox 736 3853 2977 4567">
     <span class='ocr_line' id='line_1_33' title="bbox 739 3853 2976 3944; baseline -0.001 -22"><span class='ocrx_word' id='word_1_292' title='bbox 739 3858 895 3922; x_wconf 85' lang='lat' dir='ltr'>cem</span> <span class='ocrx_word' id='word_1_293' title='bbox 932 3864 1135 3923; x_wconf 84' lang='lat' dir='ltr'>vocat</span> <span class='ocrx_word' id='word_1_294' title='bbox 1172 3853 1536 3941; x_wconf 81' lang='lat' dir='ltr'>Aristides,</span> <span class='ocrx_word' id='word_1_295' title='bbox 1603 3863 1865 3940; x_wconf 86' lang='lat' dir='ltr'>tamen,</span> <span class='ocrx_word' id='word_1_296' title='bbox 1930 3876 2144 3943; x_wconf 86' lang='lat' dir='ltr'>quum</span> <span class='ocrx_word' id='word_1_297' title='bbox 2189 3855 2307 3924; x_wconf 88' lang='lat' dir='ltr'>ille</span> <span class='ocrx_word' id='word_1_298' title='bbox 2357 3853 2738 3944; x_wconf 84' lang='lat' dir='ltr'>spondeum</span> <span class='ocrx_word' id='word_1_299' title='bbox 2776 3853 2976 3920; x_wconf 89' lang='lat' dir='ltr'>istum</span> 
     </span>
     <span class='ocr_line' id='line_1_34' title="bbox 742 3949 2973 4053; baseline 0.003 -32"><span class='ocrx_word' id='word_1_300' title='bbox 742 3978 817 4047; x_wconf 89' lang='lat' dir='ltr'>p.</span> <span class='ocrx_word' id='word_1_301' title='bbox 867 3952 989 4024; x_wconf 82' lang='grc'><strong>36.</strong></span> <span class='ocrx_word' id='word_1_302' title='bbox 1028 3979 1167 4024; x_wconf 85' lang='grc' dir='ltr'>ιιοιι</span> <span class='ocrx_word' id='word_1_303' title='bbox 1208 3957 1347 4026; x_wconf 88' lang='lat' dir='ltr'>sine</span> <span class='ocrx_word' id='word_1_304' title='bbox 1382 3980 1648 4043; x_wconf 85' lang='lat' dir='ltr'>caussa,</span> <span class='ocrx_word' id='word_1_305' title='bbox 1698 3966 1776 4027; x_wconf 91' lang='lat' dir='ltr'>ut</span> <span class='ocrx_word' id='word_1_306' title='bbox 1814 3967 2169 4049; x_wconf 85' lang='lat' dir='ltr'>putamus,</span> <span class='ocrx_word' id='word_1_307' title='bbox 2222 3962 2297 4030; x_wconf 77' lang='grc' dir='ltr'>ἐκ</span> <span class='ocrx_word' id='word_1_308' title='bbox 2325 3949 2791 4053; x_wconf 75' lang='grc' dir='ltr'><em>τετρασήμου</em></span> <span class='ocrx_word' id='word_1_309' title='bbox 2829 3955 2973 4028; x_wconf 75' lang='grc' dir='ltr'>θέ-</span> 
     </span>
     <span class='ocr_line' id='line_1_35' title="bbox 739 4054 2977 4157; baseline -0.004 -25"><span class='ocrx_word' id='word_1_310' title='bbox 739 4082 914 4140; x_wconf 79' lang='grc' dir='ltr'><strong><em>σεως</em></strong></span> <span class='ocrx_word' id='word_1_311' title='bbox 951 4056 1072 4130; x_wconf 78' lang='grc' dir='ltr'>καὶ</span> <span class='ocrx_word' id='word_1_312' title='bbox 1113 4054 1576 4157; x_wconf 73' lang='grc' dir='ltr'><em>τετρασῆμου</em></span> <span class='ocrx_word' id='word_1_313' title='bbox 1609 4059 1880 4157; x_wconf 62' lang='lat' dir='ltr'>docem</span> <span class='ocrx_word' id='word_1_314' title='bbox 1913 4061 2066 4130; x_wconf 88' lang='lat' dir='ltr'>fieri</span> <span class='ocrx_word' id='word_1_315' title='bbox 2111 4059 2329 4146; x_wconf 87' lang='lat' dir='ltr'>dicat,</span> <span class='ocrx_word' id='word_1_316' title='bbox 2417 4060 2639 4129; x_wconf 87' lang='lat' dir='ltr'>verior</span> <span class='ocrx_word' id='word_1_317' title='bbox 2708 4058 2977 4127; x_wconf 79' lang='lat' dir='ltr'>videtur</span> 
     </span>
     <span class='ocr_line' id='line_1_36' title="bbox 736 4160 2972 4256; baseline -0.001 -25"><span class='ocrx_word' id='word_1_318' title='bbox 736 4160 1078 4231; x_wconf 87' lang='lat' dir='ltr'>Boeckhii</span> <span class='ocrx_word' id='word_1_319' title='bbox 1104 4164 1458 4249; x_wconf 86' lang='lat' dir='ltr'>sententia,</span> <span class='ocrx_word' id='word_1_320' title='bbox 1508 4163 1679 4234; x_wconf 87' lang='lat' dir='ltr'>duas</span> <span class='ocrx_word' id='word_1_321' title='bbox 1707 4188 1864 4235; x_wconf 89' lang='lat' dir='ltr'>eum</span> <span class='ocrx_word' id='word_1_322' title='bbox 1891 4173 2366 4254; x_wconf 85' lang='lat' dir='ltr'>quaternorum</span> <span class='ocrx_word' id='word_1_323' title='bbox 2393 4171 2779 4256; x_wconf 84' lang='lat' dir='ltr'>temporum</span> <span class='ocrx_word' id='word_1_324' title='bbox 2803 4182 2972 4253; x_wconf 89' lang='lat' dir='ltr'>par-</span> 
     </span>
     <span class='ocr_line' id='line_1_37' title="bbox 737 4262 2974 4360; baseline -0.002 -25"><span class='ocrx_word' id='word_1_325' title='bbox 737 4275 843 4335; x_wconf 87' lang='lat' dir='ltr'>tes</span> <span class='ocrx_word' id='word_1_326' title='bbox 891 4262 1172 4334; x_wconf 88' lang='lat' dir='ltr'>habere.</span> <span class='ocrx_word' id='word_1_327' title='bbox 1287 4264 1584 4338; x_wconf 89' lang='lat' dir='ltr'>Omnino</span> <span class='ocrx_word' id='word_1_328' title='bbox 1628 4278 1857 4338; x_wconf 85' lang='lat' dir='ltr'>autem</span> <span class='ocrx_word' id='word_1_329' title='bbox 1895 4268 2046 4360; x_wconf 85' lang='lat' dir='ltr'>ipsa</span> <span class='ocrx_word' id='word_1_330' title='bbox 2082 4267 2184 4336; x_wconf 87' lang='lat' dir='ltr'>rei</span> <span class='ocrx_word' id='word_1_331' title='bbox 2234 4276 2475 4337; x_wconf 88' lang='lat' dir='ltr'>natura</span> <span class='ocrx_word' id='word_1_332' title='bbox 2516 4266 2845 4360; x_wconf 83' lang='lat' dir='ltr'>postulat,</span> <span class='ocrx_word' id='word_1_333' title='bbox 2893 4271 2974 4331; x_wconf 90' lang='lat' dir='ltr'>ut</span> 
     </span>
     <span class='ocr_line' id='line_1_38' title="bbox 738 4367 2973 4466; baseline -0.002 -28"><span class='ocrx_word' id='word_1_334' title='bbox 738 4368 1082 4463; x_wconf 87' lang='lat' dir='ltr'>pluribus,</span> <span class='ocrx_word' id='word_1_335' title='bbox 1131 4391 1341 4459; x_wconf 85' lang='lat' dir='ltr'>quam</span> <span class='ocrx_word' id='word_1_336' title='bbox 1378 4371 1602 4464; x_wconf 84' lang='lat' dir='ltr'>simpli</span> <span class='ocrx_word' id='word_1_337' title='bbox 1635 4383 1705 4444; x_wconf 89' lang='lat' dir='ltr'>et</span> <span class='ocrx_word' id='word_1_338' title='bbox 1745 4372 1943 4466; x_wconf 91' lang='lat' dir='ltr'>dupli</span> <span class='ocrx_word' id='word_1_339' title='bbox 1984 4372 2304 4442; x_wconf 85' lang='lat' dir='ltr'>mensuris</span> <span class='ocrx_word' id='word_1_340' title='bbox 2350 4394 2537 4440; x_wconf 82' lang='lat' dir='ltr'>usam</span> <span class='ocrx_word' id='word_1_341' title='bbox 2578 4393 2722 4440; x_wconf 85' lang='lat' dir='ltr'>esse</span> <span class='ocrx_word' id='word_1_342' title='bbox 2762 4367 2973 4439; x_wconf 87' lang='lat' dir='ltr'>musi-</span> 
     </span>
     <span class='ocr_line' id='line_1_39' title="bbox 742 4471 2967 4567; baseline -0.002 -22"><span class='ocrx_word' id='word_1_343' title='bbox 742 4495 898 4545; x_wconf 85' lang='lat' dir='ltr'>cam</span> <span class='ocrx_word' id='word_1_344' title='bbox 939 4472 1365 4548; x_wconf 75' lang='lat' dir='ltr'>Graecorum</span> <span class='ocrx_word' id='word_1_345' title='bbox 1395 4474 1772 4564; x_wconf 83' lang='lat' dir='ltr'>credamus,</span> <span class='ocrx_word' id='word_1_346' title='bbox 1821 4475 2012 4567; x_wconf 86' lang='lat' dir='ltr'>quod</span> <span class='ocrx_word' id='word_1_347' title='bbox 2070 4474 2281 4549; x_wconf 88' lang='lat' dir='ltr'>nimis</span> <span class='ocrx_word' id='word_1_348' title='bbox 2304 4477 2476 4553; x_wconf 78' lang='lat' dir='ltr'>iners</span> <span class='ocrx_word' id='word_1_349' title='bbox 2519 4482 2589 4543; x_wconf 88' lang='lat' dir='ltr'>et</span> <span class='ocrx_word' id='word_1_350' title='bbox 2626 4472 2813 4542; x_wconf 87' lang='lat' dir='ltr'>rudis</span> <span class='ocrx_word' id='word_1_351' title='bbox 2850 4471 2967 4540; x_wconf 79' lang='lat' dir='ltr'>fo-</span> 
     </span>
    </p>
   </div>
  </div>
 </body>
</html>
