3325 5317
650 1241 847 1331 DE
1011 1239 1818 1330 AESCHYLI
1963 1242 2537 1330 PERsls.

932 1407 2052 1499 DlssERTATlo
2131 1409 2238 1524 ἢ.

457 1962 695 2099 Quae
733 2010 871 2071 tres
919 2008 1146 2092 partes
1184 2010 1334 2069 sunt
1379 2002 1948 2093 interpretationis
1962 2051 1983 2088 ,
2034 2003 2394 2095 explicatio
2442 2001 2747 2080 verbo-8

451 2130 606 2176 rum
621 2155 645 2192 ‚
697 2106 1026 2175 enarratio
1055 2128 1280 2173 rerum
1295 2153 1316 2190 ,
1368 2116 1437 2172 et
1477 2106 1878 2197 disceptatio
1925 2106 2013 2176 de
2056 2107 2399 2198 scriptoris
2434 2107 2698 2174 virtuti-

451 2211 579 2280 bus
632 2212 746 2278 vel
803 2209 976 2277 vitiis
992 2259 1012 2295 ‚
1079 2231 1312 2276 earum
1354 2208 1475 2275 illa
1491 2258 1517 2295 ,
1593 2232 1803 2300 quam
1859 2218 2280 2302 postremam
2334 2209 2696 2293 nominavi,

450 2314 773 2404 quoniam
815 2312 963 2380 fere
1021 2312 1110 2379 ad
1167 2312 1431 2381 sen‘sum
1483 2313 1852 2402 quemdam
1905 2313 2276 2404 iudiciique
2306 2313 2698 2383 „sollertiam

451 2417 663 2502 redit,
712 2426 789 2485 ut
825 2415 1466 2505 liberaliorreliquis
1506 2416 1769 2486 duabus
1808 2417 2136 2505 habetur,
2185 2419 2281 2485 ita
2312 2418 2515 2485 etiam
2543 2439 2695 2484 ma-

452 2522 563 2614 gis
610 2521 935 2613 ambigua
992 2529 1091 2588 est
1141 2528 1345 2609 atque
1389 2519 1663 2588 incerta.
1795 2521 1975 2589 Nam
2023 2542 2233 2611 quum
2291 2521 2569 2589 omnino
2624 2519 2694 2587 in

451 2625 654 2693 rebus
671 2674 692 2711 ,
744 2647 923 2713 quae
962 2645 1154 2691 sensu
1200 2622 1419 2714 magis
1464 2645 1669 2712 quam
1713 2624 1987 2693 scientia
2029 2624 2494 2716 percipiuntur
2508 2670 2530 2708 ‚
2583 2622 2695 2691 di-

451 2727 823 2797 versissima
884 2726 1011 2795 sint
1062 2726 1419 2795 hominum
1476 2726 1726 2795 iudicia
1742 2775 1799 2813 ,1
1839 2737 1987 2796 tum
2051 2728 2270 2796 multo
2335 2726 2552 2795 maior
2613 2726 2696 2794 sit

453 2854 729 2902 necesse
759 2840 857 2899 est
897 2829 1214 2898 dissensio
1236 2879 1256 2915 ‚
1308 2830 1428 2897 ubi
1470 2854 1556 2898 ne
1597 2830 1879 2899 mate'ria
1918 2829 2228 2921 quidem,
2281 2830 2371 2899 de
2416 2853 2553 2920 qua
2584 2830 2695 2898 iu-

454 2933 755 3021 dicatur,
805 2934 898 3001 ita
931 2935 1286 3026 explorata
1315 2956 1397 3003 ac
1434 2933 1712 3002 definita
1759 2945 1894 3021 est,
1945 2944 2021 3003 ut
2049 2950 2185 3004 una
2233 2936 2541 3003 omnibus
2586 2945 2687 3001 at-

452 3062 590 3128 que
648 3038 890 3106 eadem
942 3037 1160 3106 videri
1218 3035 1487 3105 debeat.
1602 3036 1688 3105 ld
1732 3060 1897 3106 vero
1939 3040 2228 3107 maxime
2274 3038 2346 3106 in
2387 3047 2698 3106 veterum

451 3142 713 3233 scriptis
792 3163 920 3209 usu
978 3141 1160 3209 venit
1213 3163 1391 3229 quae
1450 3139 1662 3209 modo
1725 3143 1819 3209 ob
1885 3142 2210 3234 temporis
2273 3150 2692 3225 vetustatem,

449 3246 665 3314 modo
692 3254 979 3335 propter
998 3245 1385 3336 linguarum
1412 3245 1887 3337 imperfectam
1930 3247 2235 3314 notitiam
2277 3245 2373 3314 ita
2416 3244 2605 3335 quasi
2653 3266 2694 3312 e

449 3349 827 3441 longinquo
856 3348 1374 3438 conspiciuntur,
1407 3358 1502 3434 ut,
1529 3360 1737 3440 prout
1765 3351 2012 3438 cuique
2042 3349 2329 3442 propius
2364 3347 2696 3420 accedere

451 3453 841 3543 contigerit,
895 3451 1097 3520 aliam
1122 3459 1327 3540 atque
1358 3452 1559 3520 aliam
1584 3454 1881 3546 speciem
1915 3475 2086 3545 prae
2110 3476 2180 3521 se
2211 3452 2449 3520 ferant.
2514 3451 2696 3518 Nam

446 3564 772 3642 vetustas,
835 3578 1013 3644 quae
1069 3555 1548 3647 plerarumque
1600 3580 1829 3625 rerum
1894 3558 2294 3625 memoriam
2355 3556 2696 3638 obscurat,

447 3659 652 3748 facit,
704 3669 780 3749 ut
822 3658 1013 3727 haud
1054 3680 1206 3726 raro
1221 3708 1242 3746 ‚
1294 3682 1432 3748 quo
1468 3683 1695 3728 rerum
1740 3668 1912 3728 statu
1927 3708 1948 3745 ,
2001 3681 2142 3750 quo
2181 3657 2460 3728 consilio
2476 3705 2497 3742 ,
2549 3677 2692 3746 quo

447 3764 519 3831 in
572 3761 849 3855 singulis
885 3763 1186 3853 partibus
1226 3773 1538 3856 respectu
1580 3764 1748 3854 quid
1790 3764 2113 3856 scriptum
2154 3763 2273 3847 sit,
2328 3770 2442 3829 aut
2484 3762 2691 3851 plane

444 3867 837 3959 ignoremus
852 3915 874 3952 ‚
927 3875 1043 3934 aut
1078 3887 1217 3933 non
1254 3866 1378 3934 nisi
1419 3868 1864 3937 coniectando
1905 3887 2367 3957 assequamur:
2432 3887 2570 3955 quo
2618 3864 2698 3932 in·

446 3993 703 4062 genere
733 3993 938 4059 quam
967 3970 1170 4065 facile
1199 3970 1463 4038 accidat
1479 4021 1499 4057 ‚
1549 3983 1658 4057 ut,
1712 3973 2032 4064 neglecto
2062 3991 2223 4040 vero
2237 4023 2258 4058 ‚
2310 3968 2484 4038 falsa
2515 3991 2686 4040 con-

447 4082 781 4142 sectemur
798 4124 818 4160 ‚
898 4074 969 4141 in
1026 4084 1354 4166 promptu
1410 4085 1524 4143 est.
1645 4076 2072 4168 Linguamm
2145 4083 2369 4142 autem
2413 4072 2685 4145 scientia

445 4199 660 4267 quum
702 4199 841 4245 non
895 4179 967 4246 in
1015 4177 1323 4247 omnibus
1338 4227 1360 4264 ,
1419 4180 1558 4269 ·qui
1606 4179 1796 4250 docti
1851 4188 2173 4254 vocantur
2191 4226 2213 4264 ‚
2284 4175 2527 4247 eadem
2575 4176 2685 4260 sit,

518 4448 584 4529 ⁴¹)
628 4448 804 4512 Edita
846 4460 940 4514 est
990 4471 1045 4512 a.
1092 4456 1277 4522 1812,
