3325 5317
743 446 878 512 234
1188 441 1617 505 CENSVRA
1671 442 1994 506 NOVAE
2047 442 2552 506 EDITIONIS

748 621 928 700 erat,
976 615 1235 683 etiamsi
1278 608 1751 709 ἀγαπώμενος
1795 625 1863 685 et
1903 611 2343 715 οἷγαπωμένη
2402 616 2550 687 de
2528 616 2609 686 iis
2649 617 2989 688 interdum

747 718 1123 801 diceretur,
1188 740 1360 807 quos
1399 719 1548 807 quis
1605 720 1864 788 veneris
1908 742 2035 788 usu
2085 720 2397 812 cognitos
2439 720 2683 807 habet,
2762 719 2988 791 tamen

746 824 835 890 ab
878 822 1031 910 ipso
1075 823 1287 889 verbo
1324 820 1525 890 huius
1553 823 1653 891 rei
1685 822 2246 914 significationem
2274 824 2483 915 plane
2512 826 2800 894 alienam
2824 848 2984 895 esse.

742 923 827 993 Id
869 923 1061 1013 quod
1100 925 1535 1010 confirmant,
1604 949 1782 1015 quae
1824 949 1897 1018 p.
1947 924 2072 994 84.
2134 926 2227 995 de
2276 929 2656 997 nominibus
2680 925 2983 1028 ἀγαπη-

744 1027 866 1100 τοὶ
919 1036 988 1096 et
1035 1023 1408 1127 α’γαπηταὶ
1456 1028 1783 1099 adnotata
1827 1039 1998 1100 sunt.

946 1237 1105 1304 Non
1140 1256 1419 1326 prorsus
1463 1235 1701 1304 inutile
1738 1233 2017 1303 forsitan
2057 1234 2322 1320 fuisset,
2369 1234 2441 1303 in
2485 1233 2876 1326 compositis
2905 1256 2985 1302 ex

742 1360 807 1405 v.
842 1332 1124 1432 ἁγαθοὶ·
1174 1338 1314 1406 duo
1357 1348 1680 1431 corrupta
1723 1339 2058 1409 vocabula
2099 1360 2182 1407 ex
2219 1338 2566 1428 Aeschylo
2580 1391 2601 1428 ,
2653 1342 2982 1409 nioma-

737 1435 979 1538 γαθής
1042 1451 1111 1510 et
1177 1437 1593 1538 φιλαγαθής
1606 1497 1634 1530 ,
1726 1442 2083 1528 adnotare‚
2164 1440 2256 1511 de
2337 1443 2580 1532 quibus
2659 1440 2981 1509 videndus

739 1544 1217 1664 Blomfieldius
1265 1544 1357 1612 ad
1394 1546 1586 1637 Sept.
1633 1568 1694 1618 0.
1741 1545 1976 1615 Theb.
2019 1543 2197 1614 912.

943 1718 1274 1819 Dedimus
1324 1750 1668 1839 specimen
1721 1772 1956 1820 eorum
1974 1798 1996 1837 ,
2057 1733 2236 1842 quae
2289 1751 2417 1820 vel
2452 1748 2618 1820 addi
2671 1749 2984 1839 potuisse,

738 1855 854 1922 vel
891 1853 1133 1945 paullo
1183 1854 1554 1922 accuratius
1619 1853 1757 1922 dici
1811 1864 2221 1945 putaremus·
2334 1855 2532 1923 Nunc
2581 1853 2847 1921 dicatur
2897 1851 2982 1919 de

737 1958 852 2042 iis,
930 1978 1109 2046 quae
1149 1957 1368 2024 omitti
1423 1958 1722 2048 potuisse
1764 1958 2136 2033 videantur.
2240 1959 2471 2047 Atque
2513 1957 2767 2026 horum
2814 1978 2981 2045 qua-

737 2060 1031 2152 druplex
1072 2083 1285 2152 genus
1330 2070 1447 2128 est.
1547 2062 1707 2129 Alia
1748 2063 1927 2131 enim
1982 2064 2190 2152 plane
2237 2072 2306 2131 et
2345 2062 2616 2146 omnino
2659 2083 2979 2150 superva-

660 2222 662 2225 Α
736 2186 951 2234 cauea
996 2173 1222 2245 erant3
1274 2164 1408 2233 alia
1430 2165 1699 2234 brevius
1730 2176 1798 2235 et
1829 2167 2230 2237 contractius
2274 2166 2410 2250 dici
2456 2174 2806 2254 poterant3
2857 2163 2982 2230 alia

737 2269 982 2338 rectius
1024 2268 1170 2336 aliis
1225 2268 1395 2338 loeis
1447 2278 1708 2337 servata
1763 2270 2073 2352 fuissent3
2127 2269 2288 2338 'alia
2337 2269 2628 2358 denique
2645 2316 2667 2353 ‚
2744 2288 2982 2357 quam-

739 2374 837 2441 vis
892 2373 1251 2465 praeclara
1266 2420 1287 2457 ‚
1370 2396 1413 2439 a
1479 2372 1840 2442 Thesauro
1890 2373 2031 2443 hoc
2093 2374 2416 2442 alieniora
2487 2378 2697 2441 erant.
2816 2371 2982 2441 Per-

735 2498 1096 2567 sequemur
1151 2475 1439 2568 singula.

631 2699 730 2762 ,13
946 2684 1055 2752 Ac
1098 2682 1322 2774 primo
1341 2730 1363 2766 ,
1427 2705 1638 2771 quum
1692 2682 2029 2750 neminem
2080 2681 2235 2751 fore
2277 2690 2629 2773 putemuS,
2709 2680 2871 2769 quin
2915 2679 2983 2745 in

681 2787 682 2790 ’
735 2794 877 2854 tam
926 2786 1166 2877 largae
1221 2787 1542 2855 materiae
1591 2809 1804 2877 opere
1847 2787 2154 2854 brevitati
2170 2833 2191 2870 ‚
2258 2783 2491 2874 quoad
2539 2782 2691 2851 fieri
2736 2792 2980 2874 posset,

585 2963 600 2966 ,
735 2887 1146 2958 studendum
1180 2887 1383 2957 fuisse
1410 2899 1714 2973 censeat,
1766 2889 1975 2958 facile
2022 2911 2252 2957 omnes
2295 2888 2649 2956 nobiscum
2699 2909 2980 2956 consen-

734 3014 922 3060 suros
962 3015 1341 3081 speramm,
1394 2994 1449 3061 si
1465 3043 1487 3079 ‚
1531 2992 1867 3082 quidquid
1913 3003 2028 3061 aut
2079 3011 2218 3059 non
2262 2991 2354 3060 ad
2400 3014 2547 3060 rem
2594 2990 2978 3082 pertineret,

737 3106 855 3166 aut
895 3095 1066 3163 nihil
1108 3096 1408 3167 utilitatis
1441 3097 1748 3182 afferret,
1804 3096 2020 3165 omitti
2064 3096 2376 3165 debuisse
2416 3093 2976 3165 contenderimus·

735 3199 845 3269 Ac
881 3199 1104 3267 mirati
1144 3221 1370 3267 sumus
1386 3252 1407 3287 ,
1471 3201 1799 3292 nonnulla
1839 3201 1928 3269 ab
1977 3200 2369 3269 Editoribus
2427 3197 2766 3288 adscripta
2814 3218 2976 3280 esse,

736 3325 915 3392 quae
957 3304 1097 3392 quo
1129 3302 1265 3369 fine
1301 3285 1563 3373 adiecta
1597 3305 1763 3391 sint,
1814 3303 2022 3393 plane
2064 3327 2201 3371 non
2233 3312 2540 3395 apparet.
2646 3301 2824 3370 Satis
2847 3299 2975 3367 ha-

732 3408 1082 3498 bebimuS,
1135 3405 1312 3473 haec
1338 3405 1476 3473 duo
1512 3429 1596 3475 ex
1624 3406 1855 3498 primis
1884 3408 2152 3504 paginis
2180 3427 2735 3482 commemorare.
2789 3404 2867 3472 P.
2907 3400 2972 3468 2.

734 3534 947 3602 quum
1009 3509 1398 3601 Stephanus
1458 3511 1678 3579 obiter
1743 3510 2050 3591 dixisset3
2147 3561 2193 3598 „
2210 3533 2293 3580 ex
2348 3503 2637 3584 Κάππα
2695 3507 2970 3597 quidam

732 3608 1014 3689 Κόππα
1044 3616 1387 3685 fecerunt:
1433 3614 1616 3682 uude
1644 3623 1922 3706 putatur
1950 3637 2090 3683 esse
2118 3612 2522 3693 κοππατίας
2560 3612 2778 3681 dictus
2821 3609 2968 3699 qui-

737 3718 898 3786 dam
945 3743 1155 3808 equus
1210 3741 1322 3810 ap.
1362 3719 1715 3810 Aristoph.
1735 3724 1783 3762 “1
1845 3741 1984 3786 non
2025 3717 2236 3786 modo
2285 3738 2514 3786 versus
2564 3715 2666 3781 illi
2713 3717 2972 3783 Aristo-
3072 3737 3081 3752 1

733 3819 1004 3912 phanis.
1036 3824 1155 3891 ubi
1197 3822 1619 3915 legerentur,
1696 3823 1816 3892 sed
1858 3824 2004 3912 ipsa
2052 3824 2254 3891 etiam
2293 3821 2504 3889 verba
2559 3828 2809 3909 poetae
2849 3839 2972 3908 ap-

735 3925 957 4014 posita
994 3926 1317 3994 videmus.
1419 3928 1628 4016 Atqui
1665 3935 1742 3993 ut
1797 3926 2080 3994 alterum
2132 3926 2435 3994 facerent
2452 3972 2472 4007 ‚
2545 3932 2729 3992 certe
2767 3922 2973 3989 verba

737 4025 1034 4096 adscribi
1074 4028 1345 4097 minime
1391 4042 1529 4097 erat
1574 4029 2034 4098 necessarium.
2135 4029 2368 4120 Magis
2406 4026 2649 4094 mirum
2690 4026 2833 4094 hoc
2877 4029 2973 4091 est

737 4153 809 4222 p.
854 4126 925 4197 9.
972 4131 1092 4196 ubi
1139 4134 1493 4223 scripserat
1525 4132 1941 4225 Stephanus:
1992 4132 2280 4217 „Quam
2315 4131 2802 4221 expositionem
2844 4126 2970 4193 ha-
3098 4119 3105 4128 ’

735 4234 857 4301 bet
897 4242 966 4300 et
1003 4254 1211 4300 unum
1248 4258 1330 4303 ex
1372 4238 1538 4305 meis
1581 4247 1709 4305 vet.
1758 4237 2088 4307 Lexicis.“
2189 4236 2305 4304 Ad
2337 4234 2515 4302 haec
2546 4235 2755 4302 verba
2797 4232 2970 4299 hane

737 4335 1073 4406 adiectam
1115 4337 1419 4407 videmus
1461 4340 1996 4410 adnotationem:
2071 4339 2246 4425 „‚In
2289 4341 2513 4428 Etym.
2543 4337 2648 4403 M.
2693 4360 2766 4427 p.
2796 4333 2968 4406 619.

735 4487 784 4529 „
802 4439 961 4528 1⁰„
1011 4463 1145 4533 pro
1190 4437 1531 4542 Οἰσπιότη
1550 4494 1573 4536 ,
1637 4438 1828 4541 ὁπλῆ
1875 4437 2297 4543 προβάτου,
2363 4440 2740 4535 legendum
2781 4439 2970 4509 vide-
