3325 5317
732 457 862 521 222
1187 448 1615 514 cENszA
1655 448 1980 513 NOVAE
2020 437 2506 513 Enl‘rloms

733 633 914 716 rent,
980 621 1172 713 quod
1214 631 1387 692 esset
1425 620 1745 715 augendo
1783 620 1890 690 illi
1929 619 2105 690 libro
2123 667 2145 706 ,
2206 618 2568 712 petierunt.
2669 621 2779 690 Ex
2826 644 2965 712 quo

736 726 994 819 aliquid
1035 726 1468 795 dubitationis
1509 726 1704 794 nobis
1761 713 2114 793 subnatum
2181 746 2325 793 esse
2363 724 2688 811 fatemur,
2758 749 2844 793 an
2886 728 2964 808 iis

736 832 1069 926 cupiditas
1101 830 1458 900 doctorum
1472 878 1494 914 ,
1545 829 1864 898 maturari
1889 828 2252 898 editionem
2276 827 2742 919 flagitantium,
2793 839 2966 898 tem-

734 959 865 1031 pus
892 934 1334 1027 praeciderit,
1400 954 1540 1023 quo
1575 954 1750 1025 opus
1797 941 1938 1001 erat
1973 932 2064 999 ad
2101 940 2361 999 tantum
2401 952 2572 1023 opus
2613 933 2709 999 ita
2752 943 2823 1001 et
2863 934 2967 1000 iu-

735 1038 1146 1110 stituendum
1177 1047 1248 1105 et
1287 1036 1814 1129 perficiendum,
1868 1044 1941 1103 ut
1973 1036 2148 1104 illud
2202 1053 2286 1103 ex
2333 1036 2515 1103 omni
2557 1042 2755 1127 parte
2802 1059 2966 1108 con-

736 1141 1319 1214 summatissimum
1345 1140 1627 1224 iudicari
1670 1148 1917 1231 posset.
2019 1140 2127 1208 Ac
2169 1138 2494 1206 vellemus
2536 1139 2817 1227 quidem
2860 1142 2965 1208 fe-
3088 1143 3098 1155 '

740 1247 980 1318 cissent
1018 1246 1142 1314 viri
1186 1243 1764 1336 praestantissimi,
1814 1243 2006 1332 quod
2049 1242 2198 1328 fieri
2249 1263 2379 1332 par
2426 1252 2569 1311 erat
2613 1242 2682 1309 in
2719 1265 2970 1335 paran-

739 1343 832 1419 da
863 1349 1155 1420 editione
1205 1347 1429 1439 operis
1472 1347 1897 1431 immortalis,
1962 1367 2140 1435 quae
2188 1346 2338 1436 ipsa
2382 1357 2721 1415 aeternum
2773 1346 2967 1416 huius

738 1454 889 1523 aevi
928 1461 1434 1524 monumentum
1481 1450 1794 1518 exstitura
1852 1460 2059 1518 esset:
2126 1450 2583 1540 exposuissent
2616 1450 2804 1541 prius
2854 1472 2972 1521 ac-

740 1565 970 1629 curate
1017 1555 1107 1623 de
1154 1555 1459 1623 universa
1508 1553 1768 1621 ratione
1783 1598 1808 1638 ,
1883 1574 2092 1642 quam
2137 1552 2262 1621 ‘sibi
2304 1552 2715 1642 sequendam
2768 1564 2971 1647 puta-

738 1670 888 1730 rent
903 1710 924 1745 ‚
996 1679 1364 1747 omnesque
1403 1656 1647 1724 harum
1694 1657 2069 1727 litterarum
2113 1658 2369 1747 peritos
2410 1657 2820 1744 invitassent,
2898 1665 2973 1725 ut

738 1787 928 1833 suam
970 1762 1253 1851 quisque
1293 1761 1384 1827 de
1427 1782 1509 1828 ea
1552 1760 1959 1828 sententiam
2006 1759 2075 1825 in
2115 1760 2415 1828 medium
2455 1760 2764 1846 afferret,
2832 1782 2968 1852 quo

738 1862 989 1935 deiude
1029 1863 1127 1949 id,
1176 1863 1366 1952 quod
1396 1862 1729 1954 optimum
1755 1863 1970 1930 visum
1998 1872 2188 1947 esset,
2251 1872 2341 1948 et,
2391 1865 2447 1931 si
2474 1885 2612 1931 non
2651 1865 2970 1949 omnium,

742 1978 926 2040 certe
991 1967 1477 2058 plerorumque
1541 1989 1803 2060 assensu
1847 1968 2374 2058 *comprobatum
2391 2015 2412 2052 ,
2495 1965 2983 2037 adscisceretur*

742 2082 945 2162 atque
992 2069 1313 2139 effectum
1359 2070 1649 2138 daretur.
1768 2070 1912 2140 Sed
1952 2071 2128 2138 bene
2170 2067 2453 2154 scimus,
2517 2070 2791 2158 nullum·
2831 2091 2969 2140 esse

740 2174 1113 2245 humanum
1162 2197 1373 2265 opus,
1405 2172 1624 2264 ·quod
1663 2173 1752 2242 ab
1804 2175 1988 2241 omui
2027 2184 2231 2263 parte
2262 2174 2651 2264 perfectmu
2678 2175 2796 2260 sit,
2848 2195 2973 2243 nec

740 2290 883 2349 tam
926 2278 1137 2367 iniqui
1193 2299 1421 2347 sumus
1436 2326 1457 2362 ,
1522 2287 1598 2345 ut
1614 2326 1635 2362 ,
1702 2276 1894 2372 quod
1916 2277 2190 2345 'nullam
2247 2278 2454 2367 plane
2498 2277 2973 2367 reprehensio-

740 2383 899 2453 neui
929 2382 1237 2450 admittat
1252 2430 1274 2468 ,
1333 2382 1783 2470 requiramus:
1830 2380 2041 2449 immo
2081 2379 2163 2447 in.
2189 2388 2337 2447 tam
2369 2381 2731 2465 immenso,
2798 2390 2974 2449 tam-

740 2511 877 2579 que
916 2485 1140 2554 variae
1175 2479 1244 2553 et
1281 2484 1673 2576 multiplicis
1708 2484 1985 2552 rationis
2022 2503 2235 2574 opere
2281 2484 2432 2551 fieri
2472 2505 2610 2551 uon
2640 2505 2841 2576 posse
2870 2486 2974 2552 in·-

738 2590 1106 2682 telligimus
1124 2638 1146 2674 ,
1222 2587 1395 2656 nihil
1434 2599 1512 2656 ut
1564 2590 1685 2675 sit,
1764 2588 1979 2677 quod.
1995 2610 2134 2656 uon
2187 2597 2394 2676 queat
2441 2588 2669 2674 aliter,
2707 2611 2822 2659 ‘ac
2862 2611 2974 2656 re·-

741 2696 909 2765 ctius
940 2695 1222 2761 fortasse
1250 2692 1529 2760 institui:
1581 2690 1705 2759 sed
1736 2713 1876 2780 quo
1904 2693 2125 2783 tnagis
2148 2691 2493 2783 ingentem
2537 2691 2639 2759 rei
2677 2679 2987 2760 difficulss-

738 2807 949 2867 tatem
994 2796 1434 2887 perspicimus
1449 2844 1471 2880 ,
1529 2804 1716 2863 tanto
1766 2796 2027 2864 maiore
2071 2795 2277 2864 laude
2319 2794 2687 2863 ornandam
2741 2817 2975 2866 cense-

742 2923 890 2970 mus
929 2921 1164 2968 eorum
1198 2898 1586 2967 industriam
1601 2947 1622 2984 ,
1681 2899 1799 2988 qui
1824 2908 1899 2966 ut
1941 2899 2080 2967 non
2112 2897 2302 2987 quod
2343 2899 2661 2966 omnibus
2687 2899 2981 2990 numeris,
3062 2895 3068 2902 ’

707 3066 710 3069 ,
743 3003 1129 3074 absolutum
1176 3011 1350 3071 esset
1367 3050 1388 3088 ,
1441 3011 1513 3069 at
1557 3023 1887 3093 mag-num
1920 3007 2149 3070 tamen
2196 3003 2364 3091 quid
2411 3012 2479 3069 et
2518 3019 2791 3092 prorsus
2836 3002 2983 3070 exi-‘

740 3110 956 3176 mium
980 3105 1373 3175 effecerunt.
1472 3105 1729 3174 Verum
1765 3107 2056 3176 censoris
2082 3113 2211 3190 est,
2265 3127 2566 3173 summae
2608 3106 2975 3196 perfectio—

742 3212 840 3279 nis
880 3209 1177 3301 speciem
1220 3210 1441 3275 animo
1484 3208 1851 3277 informare
1869 3258 1890 3295 ,
1944 3208 2034 3276 ad
2068 3232 2387 3298 eamque,
2439 3209 2772 3298 quidquid
2801 3209 2969 3276 iudi-

742 3321 886 3399 cet,
942 3313 1249 3402 exigere,
1303 3312 1561 3379 etiamsi
1593 3314 1794 3398 sciat,
1846 3312 2180 3380 neminem
2209 3314 2597 3381 exstiturum
2629 3337 2772 3382 esse
2789 3361 2810 3398 ,
2860 3312 2974 3402 qui

740 3418 929 3488 facto
1006 3414 1328 3503 consequi
1401 3413 1591 3482 illam
1682 3416 2205 3506 perfectionem'
2265 3426 2505 3505 queat,
2586 3416 2977 3508 praesertim

739 3524 812 3591 in
891 3520 1013 3589 tali
1071 3541 1319 3611 opere,
1412 3518 1608 3607 quod·
1700 3520 2071 3590 verendum
2139 3529 2318 3605 erat,
2407 3542 2534 3604 ne,
2633 3522 2685 3588 si
2756 3520 2975 3588 omnia
3092 3563 3099 3570 ,

742 3623 834 3693 ad
924 3643 1255 3693 summam
1350 3624 1775 3692 severitatem
1855 3622 2237 3715 expendere
2317 3622 2636 3691 Editores
2724 3623 2978 3692 voluis-

743 3736 886 3796 sent
902 3775 923 3812 ,
992 3747 1365 3817 numquam
1413 3727 1641 3795 fuisset
1709 3729 1783 3794 in
1840 3728 2067 3795 lucem
2133 3724 2580 3816 proditurum.
2685 3726 2790 3795 Ita
2843 3727 2980 3819 igi-

743 3839 855 3898 tur
913 3840 989 3898 ut
1044 3832 1184 3899 dici
1240 3840 1480 3920 putent
1497 3877 1517 3914 ,
1568 3846 2039 3920 quaecumque
2107 3830 2409 3898 dicemus
2428 3879 2448 3913 ,
2529 3838 2599 3897 et
2662 3830 2976 3897 Editores

744 3931 1370 4025 praestantissimoS,
1453 3943 1526 4002 et
1602 3955 1868 4020 omneS,
1949 3933 2067 4022 qui
2148 3931 2329 4001 haec
2408 3933 2681 4024 legent,
2770 3956 2978 4026 roga-

746 4058 913 4105 mus.
1032 4036 1304 4105 Etenim
1384 4059 1595 4125 quum
1672 4037 1763 4106 ad
1851 4035 2267 4105 laudandum
2344 4027 2603 4103 infinita
2669 4044 2979 4129 suppetat

694 4138 1065 4224 5mat‘eria,
1112 4147 1190 4205 ut
1216 4141 1824 4211 commemorandis
1838 4190 1859 4227 ,
1909 4163 2084 4230 quae
2112 4140 2306 4208 nobis
2333 4141 2729 4231 probantur,
2777 4142 2980 4223 finem

746 4264 884 4311 nou
919 4261 1209 4311 essemus
1237 4243 1596 4312 inventuri:
1654 4244 1991 4313 malumus
2007 4293 2026 4331 ,
2096 4241 2286 4332 quod
2306 4230 2400 4311 ‘et
2442 4245 2670 4313 utilius
2712 4254 2779 4314 et
2821 4265 2979 4336 gra-

746 4348 874 4415 tius
902 4347 1055 4414 fore
1088 4345 1454 4414 lectoribus
1484 4370 1831 4439 speramus
1845 4397 1866 4434 ,
1923 4373 2004 4418 ea
2029 4356 2289 4416 tantum
2320 4345 2590 4435 afferre,
2637 4349 2710 4417 in
2742 4350 2980 4439 quibus

746 4449 1053 4520 nonnihil
1085 4449 1174 4518 ab
1212 4448 1608 4521 Editoribus
1650 4451 2045 4522 doctissimis
2076 4452 2510 4521 dissentimus.
