3325 5317
644 483 775 548 188
896 477 1001 543 DF.
1054 477 1323 540 CHORO
1381 476 1848 541 EVMEMDVM
1902 475 2289 540 AEscnYLl
2343 476 2527 540 mss».
2567 478 2616 540 Ι.

644 660 1066 725 caussa-erat.
1166 651 1345 731 Nam
1374 650 1494 742 qui
1523 652 1595 719 in
1616 653 1843 744 prima
1868 651 2147 720 fabuia'e
2189 651 2656 721 commissione
2693 652 2882 722 exci-

642 766 819 826 tatus
862 765 1006 825 erat
1047 765 1300 843 terror,
1364 755 1421 822 is
1434 803 1456 842 ,
1523 755 1580 823 si
1635 755 1872 826 fabula
1911 756 2153 824 iterum
2194 756 2266 823 in
2303 777 2574 829 scenam
2608 755 2882 846 produ-

645 869 910 932 ceretur
925 908 947 947 ‚
996 860 1216 941 multo
1239 858 1477 937 minor
1511 859 1779 928 futurus
1821 868 1987 944 erat,
2037 858 2395 928 scientibus
2409 905 2432 944 ,
2484 859 2651 948 quid
2678 860 2883 927 visuri

647 970 898 1048 essent,
947 963 1450 1055 spectatoribus.
1552 962 1795 1032 Solum
1829 962 2038 1055 igitur
2072 961 2412 1050 reliqirum
2452 972 2554 1031 est
2592 962 2756 1048 hoc,
2804 971 2883 1031 ut

643 1089 998 1135 numerum
1044 1066 1178 1135 XV
1217 1066 1575 1134 Furiarum
1621 1066 1748 1135 ista
1786 1066 1954 1159 lege
2008 1066 2471 1158 improbatum
2524 1089 2670 1136 esse
2716 1087 2884 1135 cen-

644 1193 923 1240 scamus.
1040 1168 1128 1238 Id
1178 1191 1341 1239 vero
1403 1169 1554 1237 fieri
1601 1169 1826 1261 potuit
1869 1171 1961 1237 ob
2004 1169 2191 1238 hanc
2240 1168 2568 1239 rationem
2586 1220 2607 1260 ‚
2690 1168 2886 1259 quod

643 1275 928 1366 impium
961 1273 1336 1360 videretur,
1387 1271 1626 1340 Furias
1655 1274 1726 1342 in
1747 1296 2016 1343 scenam
2054 1272 2351 1365 produci
2372 1273 2628 1364 plnres,
2675 1294 2886 1363 quam

643 1386 782 1447 tres
795 1426 816 1463 ‚
884 1400 1094 1469 quem
1129 1399 1484 1448 numerum,
1525 1378 1899 1447 communis
1943 1377 2191 1470 religio
2236 1378 2508 1447 coleret.
2610 1377 2706 1449 Et
2753 1374 2886 1445 ad-

642 1482 930 1551 missum·
974 1503 1122 1550 esse
1189 1482 1277 1549 ab
1331 1477 1684 1570 Aeschylo
1742 1482 1814 1550 in
1878 1481 2403 1566 EumenidibuS‚
2486 1479 2691 1570 quod
2747 1500 2884 1571 pro

645 1594 885 1678 aperto
930 1584 1208 1661 crimine
1241 1582 1551 1651 habitum
1591 1583 1710 1670 sit,
1761 1584 2034 1657 aliunde
2082 1593 2361 1656 constat.
2465 1585 2648 1655 Tam
2674 1584 2887 1674 plana

645 1697 745 1759 est
781 1696 1007 1757 autem
1033 1699 1106 1757 et
1129 1687 1420 1778 simplex
1449 1685 1628 1759 haec
1674 1688 2031 1780 explicatio
2045 1737 2067 1774 ‚
2117 1698 2193 1757 ut
2215 1689 2430 1759 nihil
2410 1712 2549 1757 lam
2577 1687 2887 1763 difficul-

643 1793 796 1861 tatis
838 1790 1150 1880 relinqui
1186 1791 1515 1859 videatur.
1632 1793 1815 1861 Nam
1860 1792 1983 1861 etsi
2038 1793 2286 1861 Pollux
2302 1841 2351 1878 ,
2380 1802 2468 1869 ut
2520 1791 2890 1885 apparebit

641 1905 860 1965 totam
918 1893 1058 1963 eius
1118 1893 1243 1963 de
1261 1891 1481 1964 choro
1530 1896 1796 1988 tragico
1842 1896 2237 1965 relationem
2282 1896 2890 1980 considerantibuS,

643 1998 856 2069 sciens
893 1997 960 2067 1.
999 2020 1321 2089 personas
1357 1996 1760 2085 nominavit,
1810 2007 2038 2067 tamen
2084 2022 2220 2067 non
2263 1999 2527 2068 videtur
2567 1999 2883 2068 dubitan-

619 2101 813 2172 'dum
860 2122 1041 2187 esse,
1108 2102 1273 2192 quin
1310 2101 1436 2170 ille
1491 2101 1941 2172 narrationem
1997 2092 2190 2171 istam
2242 2112 2366 2172 aut
2404 2105 2544 2171 iam
2600 2103 2691 2171 ab
2741 2102 2889 2170 aliis

623 2214 1039 2298 corruptam
1079 2207 1423 2297 acceperit
1439 2253 1462 2292 ‚
1512 2216 1628 2275 ant
1668 2206 1817 2298 ipse
1861 2207 2271 2299 corruperit,
2322 2207 2606 2275 fortasse
2642 2204 2891 2276 codice

645 2312 851 2381 etiam
888 2308 1261 2401 depravato
1292 2330 1465 2377 usus.
1527 2340 1536 2351 ³
1567 2309 1813 2402 Neque
1841 2311 2016 2378 enim
2031 2359 2053 2398 ‚
2106 2312 2225 2401 qui
2256 2312 2521 2402 primus
2538 2310 2747 2378 'huius
2782 2309 2893 2378 rei

644 2423 883 2484 auctor
929 2414 1055 2482 fuit
1069 2461 1093 2500 ‚
1157 2412 1345 2482 aliud
1395 2411 1665 2482 videtur
1701 2413 2004 2483 retulisse
2023 2464 2044 2500 ,
2121 2420 2329 2504 q'u‘am
2356 2436 2589 2504 quum
2635 2413 2891 2483 chorus

641 2541 859 2609 nsque
887 2517 977 2587 ad
1006 2516 1466 2588 Eumenidum
1507 2519 2048 2588 commissionem
2080 2517 2219 2587 XV
2250 2534 2577 2611 personas
2605 2517 2890 2588 habuis-—

643 2632 746 2692 set
761 2671 784 2708 ,
832 2621 1230 2714 improbatis
1272 2631 1377 2689 tot
1420 2620 1643 2715 Furiis
1695 2632 1965 2694 cautum
2002 2644 2181 2708 esse,
2250 2646 2338 2691 ne
2377 2619 2664 2714 posthac
2706 2621 2887 2689 insto

646 2726 863 2795 maior
906 2724 1264 2794 Furiarum
1301 2747 1617 2793 numerus
1665 2726 1740 2793 in
1790 2748 2069 2796 scenam·
2105 2725 2580 2799 adduceretur.
2614 2749 2619 2753 ·
2699 2724 2891 2795 vem

640 2828 762 2897 ille
778 2876 801 2915 ‚
851 2851 939 2897 an
968 2826 1144 2895 falsa
1171 2810 1566 2919 narraverit}
1615 2831 1888 2898 testium
1941 2830 2173 2922 inopia
2224 2831 2572 2902 nescimus·
