3325 5317
538 517 545 526 .
660 467 749 527 60
1191 460 1309 521 DE
1370 460 1861 520 AESCHYLI
1915 461 2322 521 GLAVCIS
2385 465 2390 469 ”

663 632 1064 721 Eademque
1112 633 1311 701 etiam
1354 635 1461 703 lo.
1501 633 1785 703 Meursii
1833 636 2154 702 sententia
2198 633 2362 718 fuit,
2426 643 2494 704 et
2532 633 2903 736 Salvagnii,

665 747 737 806 et
763 736 1046 806 Stanleii
1060 785 1081 821 ,
1136 737 1575 828 aliorumque.
1681 738 1994 821 Quorum
2039 760 2246 827 quum
2280 738 2484 805 etiam
2515 740 2635 827 qui
2676 748 2909 807 caete--

661 841 751 909 ris
793 838 1187 929 explicatius
1239 840 1328 910 de
1375 842 1512 911 hac
1551 865 1629 910 re
1670 841 1996 926 disseruit,
2046 840 2382 910 Meursius
2423 841 2489 908 in
2534 841 2905 932 Aeschylo,

662 943 1008 1032 reliquisse
1033 942 1373 1030 videatur,
1424 944 1615 1034 quod
1653 943 1817 1012 addi
1857 944 2107 1034 possit,
2159 967 2412 1036 operae
2454 945 2748 1037 pretium
2791 969 2904 1013 me

663 1047 1001 1116 facturum
1040 1058 1210 1137 puto
1224 1096 1274 1133 ,.
1314 1048 1367 1114 si
1382 1100 1402 1135 ,
1473 1048 1706 1117 oblata
1751 1047 2088 1116 scribendi
2150 1049 2652 1139 opportunitate
2668 1079 2710 1133 ,⁴
2746 1048 2891 1139 ple-

662 1151 807 1220 nius
850 1148 1026 1219 haec
1077 1159 1279 1239 atque
1319 1153 1692 1221 accuratius
1751 1173 2103 1242 exponam.
2206 1152 2485 1219 Dicetur
2535 1161 2761 1219 autem
2808 1151 2902 1220 de

660 1264 945 1343 utraque
992 1252 1228 1321 fabula
1271 1277 1593 1323 seorsum.
1695 1256 1873 1323 Nam
1908 1253 2079 1322 duos
2108 1253 2195 1322 ab
2228 1253 2577 1345 Aeschylo
2621 1255 2907 1345 scriptos

582 1441 587 1446 .
666 1381 812 1426 esse
841 1356 1177 1442 Glaucos,
1231 1359 1670 1427 certissimum
1699 1367 1833 1441 est,
1887 1358 2009 1426 etsi
2047 1357 2480 1427 casaubonus
2522 1358 2905 1450 speciosum

660 1483 793 1553 pro
817 1484 935 1529 sua
968 1461 1287 1551 opinione
1308 1470 1552 1531 testem
1582 1461 1784 1530 affert
1810 1461 2106 1531 indicem
2142 1462 2525 1530 fabularum
2553 1461 2903 1551 Aeschyli,

662 1564 781 1654 qui
823 1566 1001 1633 vitae
1046 1565 1193 1632 eius
1216 1566 1285 1632 in
1327 1564 1484 1634 edd.
1531 1566 1869 1633 subiectus
1911 1573 2029 1632 est.
2133 1564 2212 1631 In
2255 1587 2411 1655 ⁴quo
2456 1564 2681 1634 indice
2730 1588 2901 1633 unus

659 1677 918 1736 tantum
974 1677 1388 1736 memoratur
1437 1668 1775 1752 Glaucus,
1860 1669 2049 1756 isque
2098 1662 2492 1756 Ποτνιεύς,
2558 1668 2770 1736 modo
2813 1689 2902 1737 ne

658 1771 838 1842 haec
878 1773 995 1856 sit,
1045 1780 1121 1838 ut
1162 1772 1479 1860 equidem
1526 1773 1858 1863 suspicor,
1911 1770 2292 1838 emendatio
2319 1772 2623 1839 Turnebi
2639 1820 2660 1857 ,
2714 1795 2904 1840 eam-

662 1874 858 1960 dem,
949 1882 1026 1940 ut
1092 1872 1558 1960 casaubonus,
1654 1875 2042 1965 opinionem
2115 1876 2398 1963 sequuti.
2503 1865 2709 1942 ·Nam
2780 1898 2906 1944 co-

610 1978 804 2046 4dex
850 1976 1425 2069 Guelferbytanus
1477 1988 1548 2047 et
1597 1978 1757 2047 edd.
1804 1978 1965 2046 Aldi
2022 2000 2104 2048 ac
2144 1978 2531 2045 Robortelli
2577 1978 2905 2059 Γλαῦκος

664 2073 987 2161 Πόντιος
1064 2078 1340 2149 habeut.
1443 2081 1588 2150 Sed
1670 2081 2014 2150 videamus
2091 2080 2317 2172 primo
2397 2080 2486 2149 de
2561 2081 2903 2150 Potniensi

658 2183 951 2252 Glauco.

864 2287 1390 2357 Celebratissimi
1428 2286 1700 2354 fuerunt
1743 2285 1931 2379 apud
1976 2294 2233 2354 veteres
2275 2287 2423 2355 ludi
2437 2339 2457 2376 ,
2509 2309 2680 2376 quos
2714 2287 2903 2357 Aca-

656 2399 790 2459 stus
830 2390 901 2458 in
937 2391 1173 2461 funere
1203 2393 1436 2461 Peliae
1474 2390 1784 2459 instituit:
1836 2413 2006 2478 quos
2049 2389 2285 2458 illustri
2325 2393 2553 2480 aliquo
2605 2391 2901 2461 carmine

662 2494 1036 2586 descriptos
1091 2495 1325 2582 fuisse,
1401 2495 1515 2562 vel
1562 2517 1645 2562 ex
1692 2517 1776 2563 eo
1818 2493 2111 2586 intelligi
2147 2503 2411 2584 potest,
2476 2494 2667 2583 quod
2724 2503 2897 2562 teste

662 2598 992 2668 Pausania
1031 2598 1157 2666 111.
1192 2598 1316 2684 18,
1369 2597 1440 2665 9.
1491 2598 1580 2670 V.
1628 2597 1754 2681 17,
1812 2596 1882 2664 4.
1937 2599 2130 2664 caelo
2175 2597 2463 2688 expressi
2511 2597 2782 2668 fuerunt
2826 2598 2900 2665 in

654 2702 906 2770 throno
933 2701 1308 2791 Amyclaeo
1350 2709 1418 2768 et
1458 2723 1617 2769 arca
1646 2699 1941 2789 Cypseli.
2043 2700 2124 2766 In
2160 2699 2266 2766 his
2291 2700 2489 2786 ludis,
2517 2724 2686 2791 quos
2724 2701 2900 2771 Iolci
2985 2721 3016 2786 J

657 2804 874 2875 factos
909 2828 1052 2873 esse
1096 2825 1178 2871 ex
1208 2802 1645 2894 Apollodoro
1687 2802 1741 2869 Ι.
1776 2801 1850 2887 9,
1905 2800 2026 2868 28.
2066 2802 2417 2885 discimuS‚
2470 2804 2659 2895 (nam
2690 2805 2897 2895 Argis

656 2906 1008 2997 quomodo
1056 2908 1307 2976 institui
1352 2907 1729 2998 potuerint,
1810 2905 1999 2994 quod
2056 2928 2302 2973 nomen
2359 2904 2771 2978 Munckerus
2826 2908 2898 2974 in

659 3011 926 3103 Hygini
952 3010 1092 3079 fab.
1122 3009 1294 3082 273.
1332 3032 1465 3101 pro
1493 3008 1801 3102 Argivis
1826 3011 2068 3099 reponi
2096 3009 2394 3093 volebat,
2445 3033 2647 3079 nemo
2677 3012 2899 3102 expli-

657 3115 904 3204 cuerit)
954 3125 1224 3204 praeter
1271 3114 1442 3182 alios
1460 3162 1480 3196 ‚
1551 3135 1842 3203 quorum
1899 3115 2263 3193 certamina
2307 3115 2517 3182 refert
2560 3115 2899 3207 HyginuS,

657 3220 863 3286 etiam
903 3218 1210 3302 Glaucus
1250 3216 1527 3308 Sisyphi
1589 3218 1638 3284 f.
1681 3215 2031 3308 quadrigis
2082 3217 2428 3286 decertans
2444 3267 2464 3301 ,
2546 3241 2723 3306 quae
2789 3240 2898 3285 res

658 3324 758 3406 ei,
824 3328 900 3389 ut
965 3343 1047 3388 ex
1105 3321 1408 3410 Etymol.
1463 3320 1568 3391 M.
1628 3343 1701 3410 p.
1746 3314 1881 3404 54,
1954 3319 2077 3389 48.
2150 3321 2659 3412 cognoscimuS,
2760 3321 2899 3388 iam

658 3434 810 3493 ante
886 3422 1256 3515 Olympiae
1324 3424 1507 3492 male
1580 3432 1898 3509 cesserat,
1979 3424 2246 3492 exitium
2315 3425 2581 3492 invenit.
2712 3425 2900 3493 Sim-

652 3530 920 3621 plicius,
971 3551 1176 3618 quam
1220 3528 1465 3618 reliqui
1500 3527 1859 3619 scriptores
1881 3576 1901 3613 ‚
1954 3529 2230 3596 Nonnus
2263 3527 2540 3619 Dionys·
2569 3528 2688 3596 xl.
2722 3526 2895 3595 143.

652 3654 727 3723 p.
763 3632 913 3701 3⁰2
929 3681 951 3718 ,
1003 3630 1124 3702 31.
1562 3653 1571 3664 ·

2345 3724 2379 3750 Ι

811 3770 1146 3843 Γλαῦκον
1184 3765 1760 3864 ἄπεστυφέλιξαν
1790 3768 1904 3842 ἐπὶ
1933 3768 2151 3860 χθονὶ
2184 3761 2524 3846 λυσσάδες
2556 3771 2786 3837 ἵπποι.

655 3881 833 3975 Nam
874 3906 1247 3975 communis
1292 3906 1581 3981 narratio
1643 3912 1772 3989 est,
1823 3915 1984 3973 nota
2026 3907 2145 3973 illa
2185 3907 2295 3973 vel
2340 3927 2422 3971 ex
2467 3904 2895 3994 Palaephato

656 4033 715 4079 c.
751 4007 870 4076 26.
902 4010 1316 4099 discerptum
1344 4010 1433 4076 ab
1478 4009 1778 4099 equabus
1809 4031 1968 4077 esse.
2071 4009 2177 4076 Ita
2207 4008 2521 4099 Hyginus
2550 4008 2688 4075 fab.
2719 4004 2891 4075 250.

657 4123 724 4182 et
753 4111 925 4181 273.
978 4112 1301 4204 Virgilius
1345 4111 1607 4204 Georg.
1653 4112 1779 4179 111.
1817 4109 1988 4179 266.

699 4255 707 4275 “
815 4249 1101 4320 Scilicet
1146 4256 1312 4317 ante
1347 4271 1584 4318 omnes
1607 4246 1834 4343 furor
1878 4258 1981 4318 est
2022 4248 2323 4341 insignis
2364 4268 2739 4339 equarum.-

815 4361 884 4423 et
917 4360 1219 4422 mentem
1264 4351 1492 4421 Venus
1521 4354 1684 4445 ipsa
1713 4353 1949 4438 dedit,
2000 4374 2136 4444 quo
2168 4360 2483 4443 tempore
2526 4349 2790 4417 Glauci

817 4456 1208 4529 Potniades
1232 4455 1451 4526 malis
1487 4455 1813 4526 membra
1836 4455 2291 4550 absumpsere
2321 4453 2757 4547 quadrigae.
