3325 5317
812 473 1299 544 enemo-ms
1339 475 1831 582 ΗοΜΕιιιοι
1870 477 2100 544 mss,
2141 477 2216 541 n
2293 495 2298 504 ¹
2519 486 2642 559 ,ιο

397 646 768 720 Pindarum
792 689 797 694 ·
824 646 1269 723 Tlfierschius
1325 649 1876 743 reprehenderet.
1992 649 2137 722 Sed
2213 653 2269 721 si
2325 650 2637 745 posthac,

401 761 479 819 ut
521 774 933 843 speramuS,
955 752 1130 819 illud
1180 751 1333 827 ἐστὶ
1373 756 1730 824 immotum
1774 757 2106 840 manebit,
2158 756 2373 826 multo
2419 758 2639 849 magis

400 857 768 930 manebunt
810 854 1026 938 haec,
1076 855 1162 924 11.
1196 860 1257 929 ὃ.
1289 854 1465 926 422.
1512 886 1603 939 ως
1636 862 1698 931 δ’
1740 855 1847 932 ὅτ
1893 862 1969 932 ἐν
2014 859 2319 952 αἰγιαλῷ
2356 854 2637 956 πολυή-

399 967 520 1047 χεῖ
569 960 764 1051 κῦμα
806 946 1178 1053 θαλασσης
1232 955 1485 1054 ὄρνυτ’
1531 955 2047 1090 ἐπασσύτερον.
2111 970 2188 1034 θ.
2237 957 2412 1036 555.
2457 990 2546 1045 ως
2577 957 2640 1035 δ’

403 1055 524 1134 ὅτ
573 1065 650 1134 ἐν
704 1057 993 1158 οὐρανῷ
1052 1084 1290 1156 αστρα
1352 1059 1658 1157 φαεινήν
1709 1061 1954 1156 ἀμφὶ
1987 1057 2285 1160 σελήνην
2359 1060 2638 1161 φαίνετ

402 1158 830 1258 ἀριπρεπέα.
931 1165 1111 1232 Nam
1172 1186 1381 1252 quum
1418 1166 1891 1256 imperfectum
1945 1165 2052 1232 his
2112 1166 2181 1234 in
2224 1169 2395 1238 locis
2438 1167 2639 1235 infert

400 1264 845 1335 Thiersehius
883 1289 956 1356 p.
990 1263 1061 1333 ot
1090 1288 1235 1335 non
1274 1269 1632 1359 cogitavit,
1683 1269 1756 1336 id
1786 1268 1974 1358 quod
2009 1292 2212 1360 supra
2244 1271 2382 1339 iam
2408 1279 2636 1338 osten-

384 1360 654 1454 Rimas,
736 1370 1213 1460 imperfectum
1265 1391 1538 1462 prorsus
1599 1397 1638 1441 a
1689 1373 2299 1463 comparationibus
2341 1374 2638 1443 alienum

399 1481 558 1541 esse.
663 1473 904 1561 Neque
928 1472 1003 1539 id
1032 1472 1426 1566 diligentem
1453 1476 1742 1543 Homeri
1769 1476 2099 1545 lectorem
2126 1472 2368 1567 fugere
2391 1483 2652 1569 potest-J

394 1574 582 1642 Illud
625 1578 803 1644 enim
859 1596 999 1652 non
1039 1598 1314 1663 vereor,
1381 1601 1466 1646 ne
1514 1580 1659 1667 quis
1706 1574 1832 1674 ἦεν
1874 1578 1951 1653 ΙΙ.
1998 1606 2061 1651 ο.
2114 1577 2285 1647 274.
2335 1608 2412 1674 φ.
2459 1577 2635 1648 493.

398 1679 512 1746 vel
563 1680 827 1772 ἔπεφνε
878 1707 953 1751 π.
985 1677 1181 1747 487.
1232 1709 1306 1754 ω.
1368 1677 1550 1753 759:
1593 1682 1705 1750 vel
1754 1684 2102 1777 ἐπέχραεν
2146 1691 2214 1749 et
2262 1683 2517 1776 ἔχραεν
2558 1707 2634 1753 π.

400 1778 571 1852 352.
627 1781 771 1854 od..
818 1809 873 1854 ε.
921 1779 1094 1856 396.
1136 1791 1228 1851 *ut
1284 1785 1686 1878 imperfecta
1744 1784 2020 1869 afferat,
2071 1784 2183 1852 vel
2231 1790 2499 1857 πῖπτον
2554 1803 2640 1852 ex

396 1885 628 1957 vitiosa
657 1884 1193 1976 interpunctione
1239 1888 1320 1954 11.
1369 1915 1448 1980 pa,
1486 1885 1657 1956 156.
1703 1897 1985 1956 tueatur.
2088 1887 2316 1958 Vnum
2345 1886 2642 1977 proferri

395 1989 647 2080 poterit
692 1983 1075 2062 ἐσσεύοντο
1121 1991 1204 2068 11.
1247 1996 1306 2063 λ.
1357 1987 1530 2060 549.
1578 2020 1639 2064 ο.
1686 1991 1859 2058 272.
1906 1990 2027 2059 sed
2052 1990 2513 2076 Aristarchus,
2563 1998 2642 2071 ut

394 2093 463 2160 in
492 2092 868 2182 posteriore
905 2092 1117 2175 loco,
1149 2094 1245 2161 ita
1294 2093 1433 2164 sine
1479 2095 1690 2163 dubio
1740 2096 1942 2164 etiam
1983 2095 2049 2160 in
2090 2095 2320 2184 priore
2361 2093 2642 2186 legebat

396 2189 823 2276 ἐσσεύαντο.
923 2196 1080 2263 Non
1104 2205 1355 2270 autem
1398 2202 1496 2267 sic
1536 2199 1812 2266 nomino
1841 2196 2344 2281 Aristarchum,
2396 2206 2473 2265 ut
2524 2196 2643 2284 qui

397 2299 1041 2387 quemeumquevel
1071 2301 1615 2374 obscurissimum
1650 2301 2207 2392 grammaticum,
2257 2300 2369 2369 vel
2399 2321 2641 2368 reeen-

392 2402 711 2480 tissimnm
756 2402 1104 2487 codicem,
1169 2406 1224 2471 si
1279 2428 1439 2474 suae
1491 2401 1697 2489 alicui
1735 2405 2039 2495 opinioni
2088 2403 2362 2485 faveat,
2398 2411 2642 2470 aucto·

394 2528 539 2574 rem
590 2515 962 2593 testemque
1024 2506 1336 2576 afferunt.
1438 2509 1618 2574 Tam
1657 2506 1862 2575 'enim
1923 2507 2024 2573 vir
2084 2506 2204 2573 ille
2262 2502 2640 2572 admirabili

393 2608 523 2676 fuit
564 2608 877 2699 ingenio,
930 2617 1005 2676 ut
1045 2610 1157 2679 vix
1185 2621 1423 2701 putem
1461 2611 1550 2677 ad
1582 2608 2046 2678 illustrandam
2078 2609 2367 2680 Homeri
2392 2607 2641 2675 dictio-

395 2734 587 2792 nem,
639 2712 829 2804 quod
860 2721 1049 2780 recte
1080 2724 1410 2804 acuteque
1437 2713 1973 2782 animadversum
2001 2712 2107 2795 sit,
2160 2711 2388 2780 afferri
2415 2729 2639 2801 posse,

398 2815 556 2903 quin
599 2816 698 2886 illi
754 2816 1103 2906 cognitum
1126 2827 1714 2907 ,perspectumque
1754 2816 1987 2884 fuerit:
2052 2823 2128 2881 ut
2169 2813 2358 2882 haud
2410 2815 2640 2899 sciam,

397 2942 486 2985 an
529 2918 813 3010 perinde
869 2917 1264 3010 habendum
1310 2923 1428 3004 sit,
1497 2922 1878 2988 Homerum
1926 2930 2129 3006 atque
2155 2916 2641 2996 „Aristarchum

284 3039 289 3046 ’
392 3022 791 3114 intelligere.
814 3061 835 3096 ῃ
895 3022 1140 3090 Redeo
1177 3024 1271 3091 ad¹
1295 3023 1734 3092 indicativum
1783 3021 2165 3113 praesentis.
2244 3022 2338 3089 Et
2369 3019 2641 3092 abunde

394 3124 531 3193 iam
571 3126 1096 3200 demonstratum
1139 3137 1273 3211 est,
1325 3150 1479 3195 eum
1533 3138 1721 3197 recte
1778 3149 1934 3196 cum
1979 3125 2319 3215 particulis
2375 3120 2467 3203 ,οἷς
2489 3120 2637 3195 «ὅτε

395 3229 707 3300 construi.
811 3228 1023 3312 Quod
1079 3229 1134 3297 si
1179 3229 1272 3301 ἄν
1287 3285 1316 3318 ,
1391 3241 1464 3298 ut
1517 3241 1585 3302 et
1645 3221 1735 3297 ab
1781 3229 1975 3296 nobis
2021 3226 2180 3295 alibi
2220 3227 2474 3296 dietum
2516 3235 2635 3309 est,

394 3341 462 3401 et
492 3356 534 3400 a
559 3331 975 3408 Thierschio
1020 3356 1091 3424 p.
1127 3331 1297 3401 186.
1333 3356 1763 3417 concessum,
1812 3331 1979 3400 nihil
2015 3330 2105 3399 ad
2136 3329 2326 3398 verbi
2351 3327 2633 3398 modum
2647 3341 2732 3405 12

390 3437 718 3527 pertinet,
769 3458 907 3502 non
958 3459 1139 3526 ‘opus
1184 3437 1344 3522 erit,
1398 3438 1586 3526 quod
1633 3437 1754 3504 ille
1809 3436 1956 3503 vult
2000 3459 2074 3526 p.
2105 3432 2276 3501 187.
2329 3432 2525 3499 Iliad.
2558 3458 2637 3522 μ.
2725 3435 2734 3443 ’“

394 3537 518 3606 41.
567 3536 657 3619 οἷς
699 3534 755 3612 δ’
806 3534 911 3612 ὅτ’
959 3539 1048 3612 ἄν
1099 3541 1173 3613 ἔν
1224 3568 1306 3612 τε
1350 3536 1635 3625 κύνεσσι
1687 3538 1804 3627 καὶ
1847 3532 2160 3633 οἷνδροίσι
2201 3534 2639 3630 θηρευτῇσιν

391 3636 695 3739 κάπριος
730 3637 812 3735 η’ὲ·
848 3640 1022 3714 λέων
1057 3643 1480 3738 στρέφεται,
1535 3643 1625 3710 de
1656 3641 2084 3712 coniunctivo
2131 3639 2473 3730 cogitare,
2527 3645 2641 3704 aut

398 3743 537 3818 Od.
589 3773 650 3815 κ.
694 3743 870 3812 410.
929 3742 1018 3824 οἷς
1063 3741 1137 3822 δ’,
1183 3742 1299 3818 ὅτ’
1367 3746 1457 3818 ἄν
1510 3744 1866 3838 ἄγραυλοι
1932 3741 2180 3836 πόριες
2238 3739 2404 3835 περὶ
2464 3740 2643 3832 βοῦς

374 3844 773 3943 ἀγελαίας,
836 3841 1190 3928 ἐλθούσας
1231 3853 1299 3929 ἐς
1347 3843 1657 3944 κόπρον,
1710 3842 1914 3943 ἐπήν
1931 3838 2246 3942 βοτάνης
2275 3846 2635 3941 κορέσων-

394 3978 569 4039 ται,
623 3950 856 4028 πᾶσαι
896 3947 1052 4043 ἅμα
1099 3951 1519 4046 σκαίρουσιν
1566 3950 1934 4036 ἐναντίαι,ν
1985 3949 2360 4017 orationem
2398 3956 2642 4039 putare

394 4053 746 4144 abrumpi:
809 4077 1219 4143 quamquam
1268 4056 1322 4121 si
1377 4056 1523 4143 quis
1566 4053 1971 4146 pertinacius
2023 4052 2423 4136 contendat,
2461 4071 2641 4132 ‚non

392 4176 818 4249 magnopere
858 4158 1404 4250 repugnabimus.

597 4260 873 4330 Dictum
937 4270 1034 4329 est
1090 4284 1324 4351 supra,
1401 4279 1579 4351 quae
1618 4260 1881 4328 soleant
1922 4259 2105 4345 fieri,
2154 4281 2284 4348 per
2329 4252 2640 4326 indicati-
2732 4311 2736 4315 .

386 4386 558 4433 avum
613 4363 1032 4456 designanda
1087 4389 1247 4446 esse.
1353 4365 1563 4450 Quod
1606 4366 1926 4453 quoniam
1971 4364 2108 4431 tale
2143 4371 2276 4448 est,
2327 4371 2402 4430 ut
2446 4355 2638 4448 quasi

382 4467 898 4556 ratiocinatione
947 4469 1246 4557 quadam
1293 4470 1742 4538 contineatur:
1809 4467 2188 4535 nominatur
2238 4467 2448 4549 enim,
2499 4481 2636 4528 non

498 4571 745 4638 Hnnm.
801 4567 935 4644 ΟΡ.
989 4573 1077 4639 11.
2224 4569 2322 4636 l).
