3325 5317
913 449 1464 516 ErchARMI.
1510 451 1629 514 ΕΤ
1678 450 2057 518 EVMELI.
2470 454 2599 523 8⁰1

368 623 565 709 Quae
610 645 820 713 quum
862 626 956 694 ita
995 625 1159 715 sint,
1222 646 1361 693 non
1405 623 1672 693 videtur
1724 623 1894 693 mihi
1949 621 2395 694 dubitandum
2437 645 2628 709 esse,

364 728 528 817 quin
563 750 811 797 nomen
853 729 1027 797 illud
1063 727 1508 808 Ἀπολλωνὶς
1550 737 1947 819 corruptum
1992 731 2112 815 sit,
2181 725 2387 794 Musa
2422 725 2602 798 haec

364 840 589 900 autem
606 883 627 919 ,
668 841 753 900 *ut
784 834 1085 921 reliquae
1122 832 1298 899 duae
1314 879 1335 915 ,
1390 832 1474 898 ab
1506 832 1734 921 aliquo
1766 833 1974 899 fluvio
2003 831 2205 901 fuerit
2236 830 2601 920 appellata.

365 934 592 1019 Quam
624 934 1147 1027 appellationem
1177 942 1347 1026 puto
1373 929 1776 1023 Ἀχελωῗδα
1812 934 2043 1025 fuisse,
2113 933 2303 1022 quod
2356 955 2606 1001 nomen

367 1047 436 1105 et
476 1038 846 1107 litterarum
896 1061 1224 1130 magnam
1280 1059 1437 1106 cum
1484 1037 1605 1111 illo
1658 1038 1901 1105 altero·
1931 1035 2425 1107 similitudinem
2470 1035 2605 1103 ha·-

363 1142 504 1225 bet,
556 1151 626 1209 et
664 1165 748 1210 eo
778 1164 1053 1232 quoque
1082 1140 1346 1209 videtur
1380 1140 1797 1226 confirmari,
1850 1140 2039 1229 quod
2068 1141 2176 1212 sic
2201 1139 2403 1208 etiam
2425 1139 2608 1232 Epi-2

365 1243 627 1313 charmi
667 1244 1021 1314 Musarum
1065 1267 1200 1314 una
1242 1243 1581 1312 nominata
1621 1243 1770 1311 fuit:

568 1449 780 1534 Quod
829 1449 884 1518 si
927 1449 1127 1519 etiam
1167 1448 1440 1518 Eumeli
1474 1448 1720 1518 Musae
1767 1471 1999 1518 omnes
2043 1471 2086 1516 a
2127 1445 2343 1516 fluviis
2378 1445 2601 1517 dictae

365 1559 515 1619 sunt
531 1601 552 1638 ,
603 1552 770 1642 quid
810 1552 996 1622 hunc
1039 1576 1243 1642 quem
1283 1575 1417 1620 non
1447 1562 1544 1621 est
1575 1553 1898 1624 credibile
1934 1551 2264 1639 similiter,
2315 1558 2392 1619 ut
2423 1551 2600 1642 Epi-

365 1654 753 1741 charmum,
821 1657 1051 1725 lusisse
1068 1704 1088 1742 ,
1155 1656 1225 1723 in
1279 1665 1504 1725 mente
1551 1655 1869 1726 habuisse
1930 1653 2406 1749 censebimus?
2493 1656 2602 1723 Ac

362 1756 679 1849 profecto
715 1782 852 1827 non
884 1757 1123 1829 dubito
1151 1758 1303 1827 fore
1322 1808 1343 1844 ,
1396 1759 1513 1848 qui
1541 1768 1688 1827 tam-
1723 1761 2077 1830 manifesto
2101 1758 2435 1849 nymphas
2465 1756 2601 1824 flu·-

362 1862 619 1931 viatiles'
649 1862 784 1930 istis
818 1864 1193 1931 nominibus
1234 1863 1599 1953 significari
1636 1870 1878 1953 putent
1893 1913 1914 1949 ,
1965 1869 2039 1929 ut
2055 1910 2075 1947 ,
2128 1861 2327 1929 etiam
2367 1860 2425 1928 si
2470 1860 2604 1931 alia

361 1975 763 2056 argumenta
797 1968 1022 2034 omnia
1048 1958 1443 2056 eripiantur,
1491 1974 1716 2033 tamen
1741 1967 1854 2033 vel
1886 1966 2033 2034 sola
2063 1965 2334 2033 Eumeli
2361 1972 2605 2033 aucto-

361 2068 556 2136 ritate
595 2069 953 2136 fluviorum
995 2069 1332 2158 nymphas
1391 2067 1625 2136 Musas
1690 2067 1905 2137 dictas
1952 2089 2093 2137 esse
2140 2067 2265 2135 sibi
2319 2089 2601 2158 persua-

362 2170 587 2238 deant.
689 2171 830 2240 Sed
877 2171 956 2238 hi
1001 2171 1204 2239 velim
1252 2171 1589 2262 cogitent,
1652 2170 1947 2260 aliquem
1986 2181 2214 2260 tamen
2255 2171 2325 2237 in
2366 2193 2448 2238 ea
2488 2168 2601 2236 fa·-

358 2274 525 2342 bula
555 2274 983 2366 probabilem
1013 2297 1275 2342 sensum
1318 2274 1534 2343 inesse
1571 2274 1844 2343 debere.
1944 2273 2169 2361 Atqui
2193 2272 2248 2340 si
2286 2272 2375 2340 de
2400 2295 2602 2362 nym-

361 2376 522 2468 phis
555 2376 915 2446 fluviorum
960 2379 1290 2469 loquutus
1324 2387 1496 2445 esset
1535 2377 1902 2464 EumeluS,
1954 2398 2201 2465 easque
2246 2376 2416 2444 filias
2460 2398 2602 2447 esse

361 2481 699 2573 Apollinis
745 2481 1044 2570 dixisset,
1114 2480 1281 2570 quid
1327 2472 1496 2549 esset
1539 2480 1814 2550 tandem
1832 2530 1853 2566 ,
1917 2502 2127 2570 quare
2171 2487 2305 2547 tres
2343 2486 2600 2547 tantum

361 2592 951 2653 commemorasset
966 2584 1001 2652 Ρ
1078 2586 1256 2653 Nam
1324 2583 1657 2673 quidquid
1717 2584 1945 2654 fuisset
1961 2633 1981 2672 ,
2086 2581 2276 2672 quod
2336 2605 2448 2653 eas
2512 2584 2600 2650 ab

361 2680 688 2781 A‘polline
710 2696 1098 2779 procreatas
1127 2688 1384 2758 diceret
1397 2735 1419 2774 ‚
1477 2697 1666 2758 certo
1711 2711 1850 2758 non
1877 2688 2009 2759 hos
2033 2695 2292 2756 tantum
2335 2684 2604 2775 fluvios,

362 3085 724 3146 fabricatum
738 3105 758 3159 3
801 3105 998 3166 neque
1030 3086 1372 3149 Gratiarum
1415 3085 1855 3168 Euphrosynen
1895 3106 2043 3167 prae
2086 3084 2394 3146 sororibus
2417 3083 2601 3144 hilari

363 3172 548 3231 fuisse
579 3173 815 3234 animos
858 3172 924 3231 id
956 3173 1131 3234 etiam
1167 3156 1525 3234 corroborat
1553 3194 1620 3233 ea
1657 3193 1810 3252 quae
1843 3173 1989 3233 dixi.
2075 3173 2410 3252 Cyclopum
2442 3172 2598 3230 enim

364 3258 604 3319 nomina
633 3278 808 3317 nemo
839 3278 961 3317 non
1001 3259 1171 3318 videt
1195 3261 1458 3338 tonitru,
1508 3259 1769 3334 fulmen,
1812 3269 1875 3320 et
1921 3259 2386 3337 fulgurationem
2415 3256 2599 3335 signi-

361 3341 581 3417 ficare,
627 3364 779 3420 quae
807 3364 902 3402 res
933 3344 1015 3403 ita
1053 3355 1195 3405 sunt
1228 3346 1553 3423 discretae,
1597 3353 1668 3402 ut
1713 3364 1825 3403 nec
1855 3344 2086 3405 tonitru
2113 3345 2193 3403 sit
2226 3344 2455 3402 fulmen
2493 3348 2598 3399 aut

367 3427 726 3505 fulguratio,
771 3448 883 3486 nec
919 3429 1244 3507 fulguratio
1268 3433 1499 3492 fulmen
1546 3440 1652 3489 aut
1672 3432 1936 3503 tonitru3
1981 3430 2309 3508 eodemque
2336 3427 2456 3485 tria
2480 3445 2596 3485 no-
2649 3452 2657 3457 ·

363 3512 524 3571 mina
560 3512 901 3573 Gratiarum
941 3523 1064 3573 tres
1108 3515 1379 3577 diversos
1412 3525 1625 3574 notant
1658 3514 1988 3594 voluptatis
2030 3514 2278 3592 gradus,
2321 3510 2594 3571 hilarita-

361 3606 529 3676 tem,
570 3597 895 3669 laetitiam,
938 3598 1240 3676 gaudium.
1310 3602 1444 3661 Non
1491 3600 1632 3680 plus
1672 3599 1956 3679 ponderis
1988 3597 2202 3667 habet.
2246 3597 2409 3675 quod
2451 3596 2597 3662 Par..

366 3703 570 3744 carum
603 3684 783 3743 unius
811 3684 1128 3763 proprium
1168 3706 1387 3746 nomen
1420 3685 1496 3743 ad
1532 3704 1741 3744 omnes
1767 3684 2116 3743 translatum
2154 3689 2597 3757 commemorat,

364 3777 435 3827 ut
475 3773 780 3841 Κλωθῶες
821 3768 923 3828 vel
952 3773 1212 3844 Κλῶθες
1255 3770 1353 3830 vel
1398 3769 2205 3851 Koevoexkaifflgdicerentur.
2243 3767 2400 3827 'Nam
2431 3765 2599 3845 quod

359 3854 465 3913 uni
512 3854 827 3930 convenit,
873 3862 1040 3913 recte
1073 3853 1234 3914 trahi
1258 3864 1461 3935 potest
1503 3855 1582 3914 ad
1625 3874 1862 3930 omnes,
1921 3854 1973 3912 si
2018 3852 2284 3913 omnium
2319 3852 2600 3912 consimi-

362 3940 439 3999 lis
466 3943 622 3998 ratio
649 3948 790 4015 2est3
837 3959 957 3999 non
985 3948 1183 4000 autem
1217 3940 1381 4019 quod
1427 3959 1745 3999 commune
1775 3949 1868 3999 est
1905 3939 2203 4014 omnium,
2250 3937 2356 3997 uni
2394 3945 2598 4018 potest

363 4045 422 4083 a-
447 4024 698 4084 caeteris
747 4023 1168 4103 distinguendo
1223 4025 1532 4085 inservire.
1618 4024 1905 4086 Horatius
1941 4044 2128 4105 quum
2171 4023 2363 4101 dixit,
2421 4042 2598 4103 quem

367 4120 440 4167 tu
457 4153 476 4186 ,
545 4111 912 4187 ,Melpomene
925 4154 943 4185 ,
1029 4112 1213 4169 semel
1301 4120 1643 4169 nascentem
1710 4109 1967 4188 placido
2042 4111 2274 4170 lumine
2346 4107 2594 4182 viderie,

363 4203 607 4278 poterat
662 4214 775 4273 pro
835 4192 1205 4274 Melpomene
1267 4195 1497 4254 Musam
1555 4194 1795 4257 dicere:
1867 4216 1991 4256 non
2044 4195 2248 4276 potuit
2303 4215 2416 4276 pro
2477 4193 2595 4251 Eu·
2671 4243 2682 4259 f

365 4290 537 4359 terpe
586 4279 686 4340 vel
743 4277 1139 4360 Polyhymnia
1159 4328 1180 4356 ,
1267 4300 1389 4360 quo
1445 4281 1609 4355 loco·
1661 4281 1943 4361 scripsit,
2029 4285 2089 4339 si
2158 4301 2343 4360 neque
2407 4278 2595 4335 tibia-s·

365 4368 634 4447 Euterpe
659 4363 922 4444 cohibet,
964 4385 1073 4424 nee
1101 4366 1519 4448 *Polyhymnia
1560 4365 1863 4427 Lesboum
1901 4369 2141 4450 refugit
2185 4362 2420 4426 tendere
2452 4362 2593 4425 bar·

363 4450 548 4524 ρἰοη.
