3325 5317
875 441 1386 518 THESAVRI‘
1418 449 2087 519 STEPHANIANI.
2406 507 2415 522 .
2472 461 2604 526 235

352 635 524 715 ,,ιιιι·
577 621 846 724 κόπρος
910 621 1341 723 προβάτου,
1394 628 1690 697 —tametsi
1749 628 1955 696 etiam
2008 637 2403 720 propugnat
2464 628 2607 709 ΜΘ.

352 780 399 818 „
417 730 596 800 cod.
647 731 1030 816 LeidensiS,
1080 754 1289 820 quem
1317 731 1530 799 innuit
1572 731 1836 800 Veteris
1876 730 1977 799 sui
2014 732 2251 802 Lexici
2286 734 2604 824 appella-

350 835 598 921 „tione
636 834 729 907 H.
775 833 1165 926 Stephanus
1218 834 1287 902 in
1328 834 1543 903 Thes.
1589 834 1714 904 Gr.
1765 834 1977 926 Ling.
2011 836 2100 905 Τ.
2144 835 2211 904 ii.
2256 858 2329 926 p.
2380 833 2602 904 1250.

351 959 473 1025 „c.
491 945 512 981 ⁶
578 936 857 1022 ,‚Koen.
908 937 998 1006 ad
1046 938 1345 1029 Gregor.
1394 938 1554 1008 Cor.
1610 961 1681 1029 p.
1712 932 1948 1011 643„
1962 939 2389 1023 ,Secundum
2432 940 2608 1009 Val-

351 1040 844 1132 „ckenaerium
895 1040 986 1108 ad
1038 1042 1492 1109 Ammonium
1528 1064 1600 1131 Ρ.
1654 1038 1823 1109 128.
1881 1042 1975 1109 Η.
2036 1041 2423 1133 Stephanus
2477 1059 2607 1134 per

350 1191 400 1230 „
417 1144 629 1212 Vetus
677 1144 984 1213 Lexicon
1025 1168 1219 1213 suum
1259 1145 1599 1213 interdum
1631 1144 1834 1211 etiam
1872 1146 2307 1214 Ammonium
2351 1147 2606 1214 intelli-

219 1261 229 1270 ·
349 1247 531 1339 „git
645 1246 876 1316 Causa
934 1246 1112 1317 haec
1170 1255 1304 1334 est,
1374 1248 1565 1338 quod
1626 1248 2191 1339 Etymologicum
2247 1249 2605 1335 Leidense,

352 1351 669 1443 „pariter
703 1360 778 1419 ut
821 1350 1279 1420 sorbonicum
1314 1361 1382 1419 et
1411 1351 1822 1437 Parisinum,
1876 1352 2208 1444 plurimos
2260 1354 2608 1422 Ammonii

249 1451 254 1456 ’
349 1454 733 1540 „articulos
776 1456 1298 1547 complectitur.‘
1348 1455 1533 1524 Bast.
1576 1454 1626 1527 l.
1659 1461 1773 1524 ¹c.“

558 1660 746 1745 Quid
790 1659 908 1728 hic
956 1660 1082 1728 sibi
1128 1660 1276 1728 vult
1335 1654 1697 1758 οἶσπῶτη,
1777 1658 1898 1751 ubi
1947 1658 2038 1727 de
2089 1657 2138 1731 ἆ
2207 1661 2605 1757 §weram-cufi

344 1762 655 1854 disputat
698 1762 1085 1855 Stephanus
1102 1764 1135 1831 ?
1186 1773 1301 1832 aut
1340 1764 1509 1853 quid
1547 1772 1691 1832 tota
1722 1762 2066 1830 adnotatio
2084 1810 2106 1847 ,
2158 1786 2241 1832 ex
2280 1787 2418 1853 qua
2465 1787 2604 1833 non

348 1865 687 1958 intelligas
704 1915 725 1952 ,
779 1876 1007 1936 utrum
1036 1868 1244 1936 velint
1282 1878 1472 1938 vetus
1518 1867 1824 1937 Lexicon
1862 1865 1980 1935 hic
2023 1866 2602 1960 Etymologicum‚

349 1992 441 2037 an
486 1970 918 2039 Ammonium
958 1970 1295 2063 intelligi?
1372 1970 1583 2059 Atqui
1630 1955 2087 2061 Etymologus
2146 1971 2360 2040 habet
2404 1972 2604 2042 istam

349 2074 637 2141 nominis
680 2068 1027 2163 α’χύνετος
1071 2075 1595 2166 expositionem,
1651 2073 1740 2141 de
1792 2096 1927 2175 qua
1969 2074 2268 2162 loquitur
2299 2076 2605 2168 Stepha-

346 2199 507 2261 nus»,
581 2199 720 2245 non
770 2177 970 2246 etiam
1021 2178 1441 2247 Ammonius.
1545 2178 1655 2245 Ex
1696 2175 1803 2243 his
1855 2168 2066 2268 igitur
2123 2179 2431 2247 omnibus
2499 2203 2605 2266 ea,

349 2302 530 2369 quae
578 2279 670 2349 ad
712 2304 860 2349 rem
887 2283 1363 2373 pertinebant,
1429 2281 1640 2350 tribus
1685 2280 1906 2348 verbis
1962 2281 2227 2349 absolvi
2267 2290 2604 2373 poterant,

348 2384 703 2452 nominatis
742 2384 1014 2453 Koenio
1059 2395 1128 2455 et
1171 2386 1405 2455 Bastio
1456 2385 1875 2468 auctoribus,
1934 2382 2067 2463 „sed
2107 2385 2327 2453 verbis
2368 2408 2606 2454 eorum

352 2487 628 2555 omissis.
677 2526 783 2538 -—-
832 2489 992 2557 Alia
1013 2488 1406 2558 huiusmodi
1434 2488 1599 2556 alibi
1620 2488 2067 2556 inveniuntur.
2171 2489 2291 2558 Sic
2325 2512 2396 2580 p.
2430 2484 2602 2558 165.
2654 2480 2659 2489 ’

350 2590 474 2659 ubi
547 2591 939 2678 observant,
1020 2595 1202 2661 male
1254 2593 1618 2661 Kusterum
1673 2593 1744 2659 in
1793 2587 2009 2662 Suida
2054 2585 2430 2683 ἄγαθύναι
2473 2615 2603 2684 pro

302 2772 308 2779 ¹
353 2690 733 2786 ἅγαθῦναι
772 2695 1147 2786 scripsisse,
1198 2696 1268 2764 in
1307 2696 1746 2765 adnotatione
1794 2697 2255 2786 apposuerunt
2303 2696 2607 2787 testimo-

350 2797 539 2866 nium
584 2798 1015 2889 Regularum
1045 2800 1135 2869 de
1176 2799 1500 2893 prosodia
1537 2823 1580 2866 a
1621 2799 1818 2867 nobis
1859 2797 2225 2884 editarum,
2293 2807 2372 2867 ut
2410 2821 2606 2869 com-

351 2902 726 2992 probarent
743 2950 764 2987 ,
818 2905 1028 2972 verba
1062 2904 1132 2972 in
1160 2931 1303 2977 vvw
1354 2903 1722 2971 desinentia
1759 2928 1803 2973 v
1837 2903 2123 2993 longum
2163 2901 2442 2973 habere.
2511 2905 2606 2972 At

351 3004 497 3072 hoc
550 3004 879 3072 eiusmodi
937 3016 1069 3085 est,
1136 3016 1246 3092 ut,
1329 3008 1489 3095 quia
1541 3008 1628 3075 ab
1696 3005 1961 3073 nemine
2013 3005 2313 3097 ignorari
2378 3006 2604 3093 debet,

351 3107 479 3176 ista
531 3109 925 3177 auctoritate
968 3110 1175 3199 plane
1218 3132 1357 3177 non
1406 3109 1730 3202 indigeat.
1781 3147 1888 3161 —-
1952 3108 2030 3176 P.
2073 3105 2198 3185 55.
2250 3109 2606 3201 scripserat

354 3209 785 3301 StephanuS,
837 3205 1262 3333 ‚3‘Asspzivm
1332 3223 1408 3281 ut
1451 3206 1771 3287 καλλύνω
1824 3237 1866 3280 a
1915 3206 2146 3293 καλός.
2153 3218 2198 3256 “
2300 3215 2396 3282 Ει
2433 3234 2606 3305 pro-

352 3313 540 3383 fecto
584 3314 727 3384 hoc
767 3316 921 3383 satis
961 3326 1137 3403 erat,
1189 3341 1411 3407 neque
1455 3324 1779 3409 apparet,
1829 3337 1953 3386 cur
1989 3310 2372 3406 ἁπαλύνω,
2427 3322 2603 3391 ἐλα-

356 3410 650 3539 φρύνω,
706 3417 1058 3514 ἱλαρύνω,
1111 3414 1547 3516 λαμπρύνει),
1601 3412 1969 3504 λεπτυνω,
2018 3444 2395 3515 μακρυνω,
2444 3446 2605 3512 μα-

351 3513 674 3600 laudum,
724 3515 1084 3617 μικρύνω,
1137 3520 1519 3617 ὁμαλύνω,
1574 3517 1924 3614 σεμνύνω,
1978 3516 2366 3618 σκληρύνω,
2424 3547 2605 3613 σμι-

351 3616 637 3717 aptium,
677 3618 1104 3719 σφοδρύνω,
1169 3621 1571 3722 φαιδρύνει),
1626 3635 1698 3694 et
1740 3624 2015 3713 quidem
2047 3625 2251 3692 etiam
2284 3623 2604 3714 apposito
2677 3667 2679 3671 ι

355 3725 455 3793 ad
500 3726 765 3820 singula
802 3726 1052 3798 horum
1098 3733 1460 3799 verborum
1507 3730 1888 3815 adiectivo,
1953 3727 2136 3795 unde
2190 3750 2272 3794 ea
2313 3728 2608 3795 formata

357 3838 545 3917 sunt,
595 3831 916 3901 Editores
941 3834 1325 3903 adiecerint.
1428 3835 1586 3903 Νοιι
1615 3833 1772 3925 plus
1808 3831 1988 3900 enim
2029 3839 2341 3916 centena,
2399 3855 2607 3922 quam

356 3955 569 4001 unum
628 3939 1017 4030 exemplum
1072 3939 1403 4030 probant:
1489 3945 1556 4006 et
1570 3987 1591 4024 ,
1674 3936 1731 4004 si
1789 3957 1993 4024 quam
2060 3933 2369 4025 plurimis
2433 3959 2608 4028 opus

357 4036 636 4124 fuisset,
702 4061 824 4111 cur
864 4036 1217 4136 ἁγαθύνω
1257 4050 1334 4114 ,et
1382 4035 1659 4115 κακύνω
1706 4040 1948 4107 omissa
1992 4038 2190 4107 sunt?
2252 4074 2360 4092 —-
2420 4041 2609 4109 Leve

363 4147 462 4209 est
519 4141 706 4211 aliud
724 4191 746 4229 ,
825 4145 946 4214 sed
1003 4146 1072 4212 in
1129 4166 1268 4234 quo
1333 4151 1513 4214 certe
1578 4166 1835 4236 operae
1904 4143 2389 4234 compendium
2456 4144 2609 4212 fieri

238 4299 245 4302 .
355 4253 648 4336 poterat.
749 4246 1152 4318 Immensam
1200 4249 1380 4316 enim
1438 4254 1505 4315 et
1552 4248 1623 4315 in
1671 4257 1858 4316 textu
1906 4253 1977 4315 et
2014 4248 2085 4316 in
2106 4317 2111 4338 ,
2132 4249 2306 4317 notis
2346 4247 2607 4339 reperi-

361 4372 514 4419 mus
572 4349 847 4440 copiam
889 4352 1308 4421 stellularum
1350 4351 1629 4421 vocibus
1686 4376 1729 4420 a
1771 4350 2126 4443 Stephano
2166 4352 2420 4421 omissis
2471 4371 2600 4439 ap-
2614 4364 2699 4427 14

366 4453 758 4543 positarum·
878 4456 1074 4542 Quae
1116 4456 1426 4527 stellulae
1466 4456 1535 4526 in
1588 4455 1827 4528 Indice
1879 4456 2077 4529 utiles
2118 4456 2314 4528 nobis
2362 4451 2600 4525 viden-
