3325 5317
1184 452 1830 532 DANAm'IBVs..
2466 462 2605 538 '3³5

746 710 763 725 ,
872 632 952 716 ἓν
1003 636 1076 716 δ
1127 637 1329 716 ὕδατ’
1379 636 1766 718 αἐναοντα

351 798 571 868 Versu
625 793 701 866 4.
756 794 914 866 libri
973 795 1195 871 ἔκυσε
1300 795 1786 866 Wakefieldius
1843 795 1934 866 ad
1990 795 2263 867 Lucret.
2312 797 2370 866 Ι.
2424 793 2600 869 251.

352 905 532 973 male
598 901 889 989 ἔκυσσε,
974 920 1114 988 quo
1160 920 1391 968 errore
1441 901 1645 971 etiam
1694 901 2187 971 recentissimae
2244 904 2599 995 epicorum

355 1005 714 1092 editiones,
764 1003 1069 1071 nondum
1107 1001 1269 1073 illae
1302 1003 1434 1088 ita,
1486 1013 1561 1073 ut
1597 1005 1669 1097 iu
1712 1003 1850 1074 hac
1877 1005 2246 1074 litterarum
2290 1006 2446 1075 luce
2481 1031 2604 1106 ex-3

314 1135 322 1142 ·
356 1108 648 1200 spectari
730 1115 1040 1199 poterat,
1154 1107 1529 1197 expolitae,
1628 1105 2179 1207 ὖποκυσσαμένη
2245 1112 2598 1201 praebent.

352 1207 589 1287 Κύειν
623 1219 720 1279 est
758 1209 1210 1304 secundare,
1259 1209 1444 1279 unde
1474 1209 1704 1303 κῦμα,
1761 1236 1804 1279 a
1838 1212 2291 1304 grammaticis
2333 1212 2423 1282 de
2451 1215 2601 1283 fetu

352 1314 782 1398 adnotatum,
833 1313 1213 1408 Aeschylus
1257 1322 1461 1404 atque
1500 1315 1869 1407 Euripides
1913 1325 2350 1408 usurparunt,
2403 1312 2599 1391 νυεῖν

353 1427 584 1511 autem
619 1438 908 1511 parere.
1013 1415 1289 1487 Grotius
1320 1418 1569 1502 ἔαυσε,
1622 1415 1739 1507 qui
1758 1466 1780 1503 ‚
1832 1418 1976 1505 sive
2006 1441 2164 1506 suo,
2216 1419 2355 1488 sive
2388 1432 2598 1512 typo-.-

349 1521 607 1615 graphi
640 1543 902 1606 errore,
954 1520 1159 1594 ἔλυσε
1190 1520 1515 1612 scriptum
1557 1520 1761 1590 fuisse
1793 1521 1993 1607 dicit,
2045 1522 2237 1612 quod
2266 1546 2596 1615 nusquam

350 1626 602 1716 legitur
658 1624 782 1692 nisi
825 1624 896 1691 in
949 1623 1059 1691 ed.
1106 1624 1512 1697 Stanleiana.
1615 1625 1955 1693 Heathius
2013 1626 2290 1712 ἔδευσε,
2382 1636 2451 1695 et
2497 1628 2595 1697 sic

349 1729 550 1821 etiam
592 1726 864 1819 Maltby
908 1726 999 1796 ad
1058 1725 1338 1795 Morell.
1403 1751 1479 1819 p.
1537 1726 1712 1796 393.
1813 1727 2298 1798 Valckenarius
2361 1730 2620 1825 ἔδεισε,

347 1812 791 1901 Ruhnkenius
818 1831 1095 1929 ἔπλησε.
1197 1831 1572 1915 Placebant
1609 1832 1741 1900 sibi
1773 1831 1938 1900 olim
1976 1832 2101 1901 viri
2141 1832 2376 1901 docti
2356 1855 2426 1902 ιιι
2453 1830 2658 1902 hu-

350 1934 644 2004 iusmodi
691 1932 1283 2021 hariolationibuS‚
1368 1941 1436 2001 et
1484 1933 1762 2025 placent
1823 1935 1950 2005 sibi
1993 1935 2227 2006 adhuc
2266 1937 2595 2005 nonnulli.

349 2038 649 2124 Quando
682 2036 959 2105 tandem
994 2037 1238 2128 nugari
1265 2035 1694 2106 desinemus?
1750 2036 2000 2107 Versus
2032 2037 2105 2113 6.
2141 2048 2211 2109 et
2250 2038 2320 2107 7.
2351 2042 2596 2110 omittit

345 2142 555 2210 etiam
585 2140 905 2232 epitome.
980 2139 1218 2230 Vulgo
1256 2140 1566 2233 δένδρων
1610 2141 1698 2214 δέ
1727 2167 1841 2222 τις
1879 2167 2033 2239 ωρα
2075 2145 2169 2214 ἐκ.
2253 2141 2588 2212 Miramur
2602 2152 2688 2216 lo

345 2243 598 2330 hodie,
651 2243 969 2313 Grotium
1012 2244 1321 2339 δένδρων
1374 2243 1460 2315 δέ
1505 2238 1598 2315 θ’
1641 2269 1797 2338 ωρα
1841 2248 1915 2317 ἐκ
1931 2299 1962 2333 ,
2014 2245 2388 2315 stanleium
2422 2249 2589 2322 δέν-

353 2350 543 2444 δρων
587 2348 674 2421 δέ
711 2374 845 2429 τις
878 2341 1015 2442 ωρ’
1073 2349 1187 2430 ἐκ,
1249 2342 1625 2414 Heathium
1666 2348 1977 2444 δένδρων
2026 2349 2112 2421 δέ
2150 2375 2296 2431 πως
2338 2345 2475 2446 ωρ’
2514 2354 2591 2424 ἐκ

350 2452 646 2522 scribere
704 2450 1023 2543 potuisse.
1134 2447 1427 2517 Bothius
1483 2471 1615 2570 pro
1677 2471 1908 2535 more,
1967 2453 2300 2575 δένδρων
2347 2454 2424 2527 δὲ
2481 2452 2592 2535 τίς

334 2553 520 2651 ,ὅρος
563 2558 659 2628 ἐκ.
763 2552 1321 2637 Valckenarium‚
1395 2553 1513 2642 qui
1550 2553 1863 2651 δένδρων
1904 2580 1953 2628 τ
2031 2547 2370 2650 ὀπώραν,
2435 2554 2486 2653 ἢ
2528 2552 2592 2630 ’n

349 2656 671 2746 coniecit,
722 2680 1101 2750 speramus,
1176 2657 1233 2724 si
1272 2656 1564 2726 scivisset
1603 2657 1676 2724 in
1728 2656 1883 2727 cod.
1931 2658 2020 2732 A.
2070 2658 2219 2751 legi
2276 2662 2592 2755 δένδρων

346 2788 460 2840 τις
516 2756 670 2856 ὥρα
731 2758 808 2834 δ’
863 2767 939 2835 ἐκ
983 2759 1160 2853 legi,
1238 2782 1377 2828 non
1433 2760 1537 2847 id,
1630 2769 1708 2828 ut
1760 2761 2194 2832 novissimum
2252 2762 2588 2831 editorem

343 2862 710 2947 Athenaei,
774 2864 847 2932 iu
885 2873 1167 2932 textum·
1187 2875 1621 2957 recepturum
1661 2864 1897 2952 fuisse,
1962 2866 2084 2934 sed
2121 2865 2327 2952 illud,
2392 2866 2586 2956 quod

340 2987 465 3035 nos
495 2965 844 3056 dedimus,-
891 2968 1362 3061 repositurum.
1458 2968 1832 3066 'Euripides
1875 2968 2083 3053 Herc.
2123 2968 2206 3038 F.
2254 2968 2427 3039 ’[90.

858 3120 1164 3233 Πυθῖου
1218 3157 1569 3259 δενδρῶτι
1616 3156 1878 3257 πέτρα

544 3327 874 3422 Superest
911 3352 1120 3399 unum
1153 3329 1385 3402 adhuc
1423 3329 1814 3400 Danaidum
1846 3329 2329 3453 fragmentum,
2381 3333 2582 3404 cuisr

340 3433 413 3501 iu
439 3432 680 3500 eadem
704 3434 982 3502 Veneris
1020 3436 1321 3505 oratione
1360 3438 1592 3505 locum
1625 3434 1834 3505 fuisse
1873 3436 2299 3506 coniiciemus
2314 3487 2334 3523 ,
2390 3445 2582 3503 eruut

344 3536 666 3625 fortasse,
717 3538 836 3626 qui
879 3536 957 3604 id
989 3538 1309 3608 audacius
1352 3538 1613 3608 factum
1655 3539 1973 3609 iudicent.
2071 3538 2360 3630 Legitur
2389 3537 2579 3629 apud

341 3638 800 3730 Hesychium:
848 3640 1346 3738 ιποιθοιίρομυιι
1393 3641 1634 3739 γῆρας.
1738 3635 2110 3734 ἐκδυομαι.
2214 3637 2582 3730 Αισχύλος

341 3743 688 3818 Δαναΐσι.
734 3747 739 3754 ’
788 3742 974 3814 Edd.
1015 3752 1176 3813 vett.
1219 3739 1505 3842 Δανάῃ.
1595 3741 1837 3841 Codex
1877 3743 2093 3818 δαίσι.
2157 3745 2425 3812 Nomen
2465 3743 2576 3814 fa-

339 3846 545 3915 bulae
589 3856 775 3917 recte
809 3847 1182 3918 restitutum
1208 3857 1398 3940 puto.
1499 3846 1735 3929 Verba
1771 3848 1998 3940 primo
2044 3845 2371 3940 adspectu
2407 3848 2579 3917 senis

340 3971 487 4017 esse
512 3950 856 4037 videntur,
905 3952 1331 4022 iuvenescere
1375 3975 1448 4021 se
1486 3951 1786 4022 dicentis.
1890 3952 1986 4021 Et
2015 3959 2210 4042 putet
2238 3950 2388 4041 quis
2425 3951 2577 4021 for-

340 4052 508 4120 sitan
540 4052 851 4124 Danaum
865 4106 887 4144 ‚
938 4054 1059 4124 ubi
1094 4054 1356 4139 absolvi
1384 4078 1456 4123 se
1488 4078 1529 4122 a
1558 4054 1892 4124 iudicibus
1934 4054 2151 4139 sensit,
2200 4055 2295 4121 ita
2325 4054 2574 4124 dicere.

337 4152 606 4224 Vereor
640 4179 803 4227 vero
820 4211 841 4248 ,
890 4182 978 4231 ne
1020 4166 1159 4227 ιιοιι
1197 4158 1409 4227 modo
1449 4158 1772 4228 sententia
1799 4158 1918 4226 illa
1957 4181 2201 4249 parum
2236 4157 2447 4251 digna
2492 4158 2575 4227 sit

338 4259 487 4327 viro
526 4261 823 4352 gravixet
867 4262 1130 4348 sobrio,
1182 4261 1575 4354 praesertim
1613 4285 1818 4333 unam
1855 4261 2085 4332 adhuc
2127 4261 2338 4330 filiam
2385 4284 2571 4330 ream

340 4372 613 4453 acturo,
662 4365 784 4432 sed
823 4367 1024 4437 etiam
1065 4390 1153 4435 ne
1179 4365 1464 4435 verbum
1498 4389 1635 4434 ιιοιι
1684 4366 1767 4435 sit
1809 4375 1968 4458 apte
2013 4368 2327 4438 electum.
2391 4367 2572 4433 Nam

337 4489 549 4555 quum
615 4469 882 4538 duobus
937 4469 1159 4538 modis
1217 4470 1439 4562 accipi
1487 4469 1702 4564 possit
1753 4468 2255 4568 καθαίρεσθαι
2318 4468 2568 4566 γῆρας,
