3325 5317
704 1481 862 1567 DE
880 1514 897 1593 .·
927 1473 1824 1571 coMPosrrloNE
1894 1452 2954 1599 TETRALOGIARVM

1329 1637 2168 1728 TRAochRvM·
2206 1637 2327 1751 *)..

655 2206 845 2313 SEx
889 2251 1032 2312 tam
1070 2242 1328 2335 ingenti
1373 2265 1655 2314 numero
1708 2206 2213 2334 tragoediarum
2227 2294 2248 2331 ‚
2319 2263 2500 2331 quae
2546 2241 2834 2312 Athenis
2878 2249 2948 2310 et

604 2412 613 2421 .
704 2347 996 2438 scriptae
1043 2347 1207 2415 olim
1250 2353 1319 2415 et
1361 2346 1583 2417 editae
1625 2354 1812 2431 sunt,
1861 2354 2001 2412 tam
2032 2368 2285 2437 paucas
2325 2345 2541 2413 hodie
2566 2344 2968 2438 superstites

704 2450 1071 2536 habemus»,
1153 2459 1232 2518 ut
1287 2473 1500 2539 quum
1566 2451 1874 2519 universe
1942 2448 2033 2517 de
2084 2449 2442 2542 tragoedia
2501 2448 2947 2534 Graecorum,

525 2604 533 2613 -
588 2636 593 2639 ,
703 2565 850 2624 tum
877 2554 968 2625 de
1009 2554 1427 2649 singularum
1448 2555 1742 2647 partium
1770 2553 2294 2646 proprietatibus
2334 2552 2636 2623 iudicare
2666 2552 2946 2622 difficil-

703 2659 944 2727 limum
985 2660 1087 2728 sit.
1195 2657 1428 2747 Quare
1457 2659 1622 2727 licet
1670 2681 1753 2727 ex
1791 2658 2052 2747 aliquot
2095 2658 2278 2726 annis
2313 2665 2380 2724 et
2408 2655 2595 2747 apud
2622 2663 2945 2725 nostrates

707 2770 777 2831 et
816 2760 1004 2851 apud
1035 2769 1294 2829 exteros
1325 2762 1452 2829 viri
1484 2760 1674 2832 docti
1707 2764 2014 2831 certatim
2044 2760 2261 2829 studia
2290 2783 2410 2828 sua
2440 2759 2532 2828 ad
2561 2759 2704 2829 hoc
2730 2781 2945 2851 genus

706 2864 1093 2956 scriptionis,
1121 2864 1683 2935 considerandum
1728 2875 1930 2953 atquc
1989 2862 2470 2955 explicandum
2528 2863 2949 2948 contulerint,

706 2976 937 3042 tamen
976 2990 1114 3036 non
1157 2978 1256 3037 est
1292 2969 1534 3037 mirum
1552 3016 1574 3055 ,
1623 2970 1841 3038 multa
1882 2967 2112 3036 adhuc
2161 2991 2339 3054 esse,
2407 2965 2499 3035 de
2542 2968 2789 3055 quibus
2834 2972 2948 3034 aut

705 3091 847 3138 non
878 3072 960 3139 sit
989 3070 1261 3139 omnino
1280 3121 1301 3157 ‚
1353 3083 1471 3141 aut
1509 3095 1644 3141 non
1692 3073 1844 3141 satis
1889 3079 2202 3142 accurate
2246 3070 2692 3161 disputatum:
2742 3092 2949 3163 prae-

711 3173 941 3241 sertim
972 3195 1185 3261 quum
1224 3175 1338 3240 alii
1377 3176 1469 3243 ad
1507 3199 1589 3244 ea
1619 3176 2037 3268 potissimum
2084 3172 2431 3243 attendant
2445 3221 2466 3259 ,
2516 3195 2695 3263 quae
2733 3173 2946 3262 quivis

710 3275 914 3346 etiam
947 3275 1088 3343 sine
1135 3275 1446 3368 diligenti
1472 3280 1677 3347 totius
1710 3279 1811 3347 rei
1842 3277 2411 3368 pervestigatione
2439 3276 2737 3347 invenire
2779 3298 2950 3368 pos-

709 3378 828 3464 sit,
895 3378 1012 3447 alii
1075 3386 1301 3447 autem
1360 3380 1555 3448 unice
1610 3381 1681 3449 in
1734 3381 2055 3451 sermonis
2106 3402 2230 3448 usu
2282 3379 2679 3449 illustrando
2736 3400 2946 3450 occu·-

709 3491 959 3575 pentur
973 3534 994 3572 ,
1048 3482 1166 3572 qui
1195 3483 1337 3557 fere
1351 3531 1372 3570 ‚
1425 3482 1590 3552 dum
1615 3483 1853 3553 sedulo
1884 3482 2196 3574 exempla
2226 3484 2549 3574 exemplis
2582 3483 2949 3568 cumulant,

709 3586 1064 3655 nonnullas
1089 3588 1301 3656 bonas
1315 3635 1337 3673 ,
1385 3587 1711 3678 plurimas
1744 3589 1943 3658 etiam
1968 3588 2194 3656 inanes
2220 3586 2489 3685 regulas
2535 3587 2950 3678 confingunt.

712 3688 1024 3773 Quorum
1067 3691 1288 3762 neutri
1324 3715 1479 3761 mea
1517 3693 1842 3762 sententia
1883 3690 2058 3761 illud
2098 3689 2250 3758 satis
2293 3691 2775 3778 meminerunt,
2842 3689 2952 3758 di-

799 4003 862 4083 *)
906 4004 1081 4074 Edita
1125 4006 1221 4069 θεῖ’
1269 4029 1323 4074 a.
1371 4012 1555 4077 1819.
1639 4010 1729 4071 De
1772 4010 2026 4090 trilogiis
2063 4011 2350 4089 Aeschyli
2384 4008 2644 4093 ‘prolixe
2687 4007 2962 4089 disputa·

716 4099 851 4149 tum
889 4097 981 4149 est
1019 4112 1055 4150 a
1096 4093 1413 4154 Welckero
1455 4095 1521 4153 in
1557 4093 1718 4155 libro
1768 4116 1943 4175 quem
1990 4096 2065 4157 de
2109 4096 2398 4178 Aeschyli
2436 4096 2677 4175 trilogia
2710 4095 2956 4154 Prome-

715 4172 858 4236 thea
884 4174 1158 4255 scripsit,
1216 4179 1373 4238 etin
1406 4180 1746 4260 appendice
1785 4183 1910 4241 eius
1954 4181 2128 4258 libri,
2173 4203 2351 4262 quam
2393 4182 2585 4243 edidit
2625 4190 2696 4240 ut
2738 4179 2956 4260 prioris

714 4259 862 4320 libri
888 4279 1202 4321 censuram
1255 4284 1435 4342 quam
1484 4265 1702 4347 scripsi
1758 4267 2080 4337 refutaretz
2139 4266 2215 4327 de
2261 4288 2381 4347 qua
2425 4266 2762 4350 appendice
2811 4262 2956 4346 quid

717 4345 1033 4420 sentirem,
1119 4346 1248 4406 dixi
1301 4352 1364 4407 in
1410 4349 1614 4411 diariis
1678 4351 1986 4416 litterariis
2037 4352 2451 4436 Lipsiensibus
2509 4374 2566 4417 a.
2630 4355 2820 4422 1827.
2872 4370 2954 4411 m.
3065 4414 3068 4417 ,

718 4429 956 4496 Ianuar.
997 4430 1104 4492 fol.
1154 4437 1251 4498 13.
1297 4436 1397 4500 14.
1442 4436 1542 4500 15.
1806 4446 1808 4449 ’
2725 4469 2732 4473 ·
