3325 5317
1250 487 1751 551 PERSIS.
2534 491 2623 554 93

386 658 598 731 cladis
642 683 686 727 a
737 658 957 729 Persis
1009 654 1338 752 acceptae
1375 683 1471 731 ,eo
1519 661 1899 753 depingere
1912 707 1934 747 ,
2001 659 2192 751 quod
2231 662 2623 734 nniversam

386 786 623 834 eorum
669 764 1008 833 civitatem
1056 765 1384 834 afflictam
1422 766 1825 834 ostenderet.
1927 765 2106 833 Nam
2149 765 2205 831 si
2248 765 2393 853 quis
2438 775 2624 836 recte

385 889 653 936 omnem
716 867 1020 937 fabulam
1093 868 1611 938 consideraverit
1625 916 1646 954 ‚
1717 863 2069 936 fatendum
2147 867 2306 951 erit,
2392 868 2624 959 specie

386 994 570 1056 eam,
635 991 774 1038 non
814 994 890 1039 re
939 969 1218 1040 differre
1262 973 1351 1040 ab
1396 972 1517 1040 illo
1558 994 1813 1064 genere
1829 1019 1851 1056 ‚
1919 971 2110 1061 quod
2148 971 2626 1041 recentioribus
2699 1010 2705 1019 .

382 1073 858 1143 monodrama
915 1097 1163 1144 vocare
1213 1076 1492 1166 placuit.
1629 1075 1828 1160 Quae
1873 1076 2051 1143 enim
2108 1058 2627 1155 introducuntur

382 1198 714 1268 personae
729 1226 751 1263 ,
803 1187 1062 1259 tantum
1091 1180 1280 1247 abest
1311 1189 1385 1246 ut
1420 1178 1652 1247 studiis
1666 1227 1686 1264 ,
1740 1179 2029 1250 consiliis
2043 1227 2065 1264 ,
2116 1178 2310 1247 factis
2357 1178 2538 1246 sibi
2517 1201 2627 1246 ιιι-

383 1281 600 1350 vicem
625 1281 996 1349 renitantur
1011 1329 1033 1366 ‚
1084 1304 1221 1371 quo
1256 1305 1339 1350 ex
1376 1282 1696 1351 conflictu
1710 1329 1731 1366 ,
1782 1291 1859 1350 ut
1887 1282 2159 1350 solitum
2188 1291 2307 1366 est,
2355 1289 2625 1374 postre-

382 1405 498 1452 mo
537 1384 749 1452 iustus
789 1384 1068 1474 quidam
1114 1394 1383 1454 eventus
1422 1385 1750 1476 prodeat,
1798 1393 1875 1452 ut
1913 1385 2133 1476 magis
2172 1406 2404 1453 omnes
2438 1385 2624 1454 idem

385 1496 628 1579 agant,
700 1496 768 1555 et
822 1485 1150 1579 proinde,
1232 1489 1424 1576 quod
1481 1489 1760 1578 quidem
1819 1487 1911 1557 ad
1972 1488 2307 1558 actionem
2366 1489 2624 1574 attinet,

384 1613 617 1659 omnes
659 1614 796 1659 una
830 1614 1123 1682 persona
1156 1591 1303 1660 sint.
1404 1592 1587 1677 Quin
1614 1592 1671 1659 si
1710 1591 2131 1683 singulorum
2166 1592 2626 1660 conditionem

380 1694 698 1784 respicias
714 1742 736 1779 ,
788 1695 992 1764 facile
1035 1695 1424 1781 adducaris,
1476 1705 1553 1763 ut
1600 1695 1678 1763 id
1717 1718 1854 1763 non
1911 1716 2072 1764 casu
2086 1742 2108 1780 ,
2173 1694 2294 1763 sed
2338 1695 2620 1767 consilio

381 1797 641 1866 factum
669 1797 872 1867 dicas.
975 1800 1100 1867 Est
1138 1800 1315 1867 enim
1341 1800 1398 1866 is
1429 1798 1772 1868 adhibitus
1809 1821 2249 1890 personarum
2291 1798 2623 1884 delectuS,

380 1910 456 1970 ut
499 1901 674 1968 nihil
732 1901 823 1969 ad
868 1902 1237 1995 imaginem
1285 1902 1631 1971 universae
1685 1903 1965 1972 civitatis
2008 1901 2241 1971 deesse
2296 1903 2623 1971 videatur.

381 2006 727 2095 Populum
770 2004 1023 2074 chorus
1036 2054 1056 2090 ,
1124 2005 1387 2098 regiam
1431 1993 1849 2075 maiestatem
1907 2006 2152 2074 Atossa
2165 2053 2186 2091 ,
2255 2009 2625 2075 exercitum

381 2108 658 2179 nuncius
676 2155 697 2193 ,
776 2098 1024 2178 ducem
1066 2108 1207 2177 dux
1249 2110 1396 2200 ipse
1435 2110 1757 2199 idemque
1799 2131 1920 2176 rex
1962 2110 2217 2178 Xerxes
2235 2158 2256 2196 ,
2329 2109 2625 2199 denique

380 2220 605 2281 vatem
621 2260 643 2297 ,
694 2212 884 2300 quod
926 2235 1141 2304 genus
1187 2212 1576 2304 dignatione
1611 2212 1982 2283 secundum
2012 2235 2274 2305 regem,
2306 2212 2675 2282 ‘auctori-9

380 2323 520 2383 tate
561 2336 766 2405 saepe
805 2315 990 2406 prius
1004 2364 1024 2400 ,
1089 2316 1360 2384 omnino
1409 2325 1636 2384 autem
1672 2316 1956 2385 dimidia
1992 2339 2150 2408 pars
2195 2316 2464 2408 imperii
2502 2323 2622 2401 est,

381 2419 625 2486 Darius
676 2428 1166 2509 repraesentat:
1236 2441 1408 2508 quos
1461 2440 1693 2488 omnes
1739 2441 1951 2508 quum
2003 2419 2305 2488 ‚afflictos
2372 2420 2623 2511 lugen-

261 2576 266 2585 .
380 2531 619 2612 tesque
664 2521 968 2590 videmus
985 2570 1007 2607 ‚
1094 2544 1312 2612 ecqua
1353 2530 1576 2613 potest
1626 2522 1845 2590 maior
1885 2522 2056 2614 fingi
2132 2530 2247 2589 aut
2305 2521 2626 2590 illustrior

383 2626 644 2716 species
683 2625 1008 2693 moeroris
1051 2648 1178 2716 per
1221 2648 1454 2696 omnes
1499 2627 1846 2694 universae
1883 2624 2165 2695 civitatis
2213 2636 2441 2716 partes
2483 2625 2625 2693 dif-

333 2754 336 2759 ·
382 2728 590 2811 fusi?r
629 2728 851 2820 Igitur
894 2730 950 2797 si
988 2727 1293 2798 detracta
1325 2729 1856 2819 colloquentium
1884 2751 2320 2820 personarum
2349 2729 2628 2814 fictione

386 2855 530 2900 rem
567 2832 789 2923 ipsam
832 2841 1211 2923 spectamus
1226 2882 1248 2919 ,
1298 2834 1637 2902 civitatem
1686 2835 2044 2901 Persarmn
2085 2832 2394 2903 videmus
2435 2833 2627 2901 initio

386 2935 474 3004 de
511 2945 757 3003 eventu
781 2936 949 3004 belli
980 2936 1340 3006 sollicitam
1355 2985 1376 3022 ,
1424 2959 1588 3004 mox
1611 2959 1688 3004 re
1719 2945 2074 3028 comperta
2112 2946 2625 3021 consternatam,

386 3037 637 3108 deinde
691 3039 779 3108 ab
824 3038 950 3107 diis
1001 3039 1319 3108 auxilium
1376 3050 1725 3131 petentem
1739 3092 1759 3128 ,
1834 3039 2127 3130 denique
2183 3051 2469 3135 accepto
2511 3040 2626 3109 dei

382 3164 707 3234 responso
724 3191 745 3229 ,
823 3141 1154 3232 adspectu
1188 3143 1612 3212 redeuntium
1654 3145 1726 3212 in
1776 3143 2066 3212 effusum
2104 3145 2369 3215 luctum
2395 3166 2626 3214 erum-

382 3255 683 3337 pentem.
784 3247 852 3314 A
878 3246 1000 3313 tali
1041 3269 1203 3315 vero
1257 3247 1538 3318 consilio
1583 3246 1834 3317 chorus
1854 3297 1875 3335 ,
1926 3248 2044 3337 qui
2088 3270 2228 3317 non
2273 3272 2355 3318 ex
2398 3249 2624 3318 Persis

386 3358 555 3418 esset
573 3397 595 3434 ‚
665 3349 761 3416 ita
810 3348 1221 3419 abhorrebat
1244 3398 1265 3435 ,
1330 3360 1438 3436 ut,
1492 3350 1549 3418 si
1604 3360 1816 3442 poeta
1872 3350 2249 3442 Phrynichi
2307 3352 2622 3442 exemplo

386 3451 787 3520 Phoenissas
855 3453 1170 3522 mulieres
1229 3454 1729 3540 introduxisset,
1815 3455 2028 3523 omnis
2098 3455 2223 3523 illa
2275 3456 2625 3524 universae

388 3555 664 3625 civitatis
707 3556 939 3646 imago
996 3558 1337 3625 interitura
1390 3558 1642 3626 fuisset.
1747 3557 1931 3644 Quin
1972 3558 2306 3650 sapienter
2338 3582 2423 3626 ne
2449 3559 2622 3625 Per·-

387 3658 551 3730 sicas
589 3658 865 3748 quidem
920 3660 1232 3729 mulieres
1259 3661 1691 3745 „adhibendas
1730 3661 1990 3753 putavit
2004 3710 2025 3747 ,
2102 3661 2292 3750 quod
2345 3662 2626 3732 civitatis

387 3761 609 3833 vicem
634 3762 951 3831 sustinere
978 3765 1276 3833 virorum
1310 3765 1534 3855 potius
1562 3773 1692 3849 est,
1746 3788 1952 3853 quam
1983 3765 2356 3833 mulierum.
2410 3764 2623 3851 Quod

390 3875 626 3934 contra
684 3889 771 3935 ne
827 3866 1153 3935 femineus
1204 3892 1393 3937 sexus
1448 3870 1709 3938 abesset
1756 3869 1843 3936 ab
1885 3868 2007 3936 illa
2059 3869 2408 3938 universae
2432 3869 2623 3939 civi-

388 3971 540 4037 tatis
587 3969 851 4061 specie,
893 3972 1277 4061 rprudenter
1313 3982 1460 4041 tum
1508 3995 1592 4041 eo
1641 3972 1851 4056 cavit,
1915 3972 2105 4063 quod
2150 3973 2475 4042 feminam
2513 3976 2623 4042 in*-

388 4072 715 4159 troduxit,
799 4095 975 4162 quae
1003 4076 1299 4144 =absente
1360 4099 1528 4168 rege
1579 4075 1942 4168 imperium
2002 4076 2463 4148 administrare
2518 4077 2623 4146 vi-

391 4173 694 4261 deretur,
773 4185 921 4244 tum
989 4176 1180 4247 haud
1245 4188 1499 4249 temere
1574 4179 1770 4247 toties
1844 4202 1975 4271 per
2043 4179 2332 4250 chorum
2404 4181 2623 4273 repeti

386 4276 550 4348 fecit
593 4280 1018 4349 mentionem
1083 4292 1373 4353 matrum
1426 4291 1495 4352 et
1556 4283 1920 4376 coniugum
1938 4332 1959 4372 ,
2039 4284 2190 4353 filiis
2245 4294 2314 4353 et
2373 4285 2623 4353 maritis

390 4383 793 4454 orbatarum.

564 4486 729 4557 Sed
768 4488 1175 4558 videamus'
1155 4512 1350 4577 lam,
1374 4513 1509 4581 qua
1554 4499 1700 4563 arte
1746 4492 1816 4561 in
1855 4492 2128 4587 singulis
2167 4490 2467 4584 partibus
2508 4489 2621 4560 fa-
