3325 5317
733 425 867 492 274
947 423 1050 485 DE
1088 425 1163 489 R.
1195 422 1578 485 BENTLEIO
1621 421 1957 499 mstVE
2000 422 2374 487 EDITIONE
2417 422 2788 487 TERENTn

736 594 978 666 Edidit
1038 595 1384 665 Bentleius
1433 595 1891 686 existimarit,
1971 602 2041 666 et
2097 594 2279 668 hanc
2326 596 2681 688 adscripsit
2731 619 2980 689 parum

736 700 1226 773 consideratam
1262 699 1798 769 adnotationem:
1864 747 1910 784 „
1926 700 2165 769 Plures
2207 722 2291 769 ex
2332 701 2569 768 nostris
2609 700 2974 770 existima·-

734 805 896 896 „vit
909 852 930 888 ,
988 825 1159 872 unus
1207 801 1654 873 existimabit.
1757 802 1936 873 Sane
1975 805 2294 873 sententia
2330 804 2480 895 ipsa
2513 804 2816 873 futurum
2839 823 2980 896 po-

734 906 1031 999 „stulatz
1096 907 1160 977 si
1199 908 1376 1001 quid
1421 909 1495 977 in
1538 907 1675 976 hoc
1705 908 2025 1008 prologo
2084 908 2404 977 dicturus
2447 915 2554 976 est
2596 909 2974 977 inclemen-

736 1058 783 1099 „
797 1012 956 1083 tius.
1024 1010 1434 1103 Legendum
1461 1020 1688 1080 tamen
1701 1059 1722 1097 ‚
1776 1011 2198 1080 existimarit
2233 1034 2383 1081 esse
2400 1060 2420 1096 ‚
2471 1012 2576 1081 sic
2608 1011 2972 1081 existimet.

737 1159 784 1202 ‚‚
802 1113 887 1184 Si
918 1115 1075 1207 quis
1110 1115 1651 1204 existimaverit,
1704 1122 1780 1183 ut
1820 1137 1884 1183 vt.
1916 1113 1984 1182 l.
2030 1115 2249 1206 siquis
2285 1116 2592 1184 studeat.
2669 1113 2976 1182 Donatus

736 1267 783 1307 „
798 1218 888 1287 ad
916 1218 1185 1289 locum:
1236 1218 1656 1307 Existimat,
1697 1240 1844 1311 pro
1874 1217 2354 1286 Existimavit.
2423 1217 2738 1309 corrige,
2787 1216 2974 1286 Exi-

736 1322 1138 1409 „stimarit,
1177 1344 1324 1415 pro
1363 1321 1973 1391 Existimavefftf‘
2024 1323 2268 1410 Neque
2293 1345 2357 1389 v.
2393 1321 2459 1388 1.
2494 1321 2820 1411 scriptum
2854 1327 2970 1407 eet,

737 1427 801 1495 si
831 1425 987 1518 quis
1009 1425 1333 1514 studeat,
1381 1449 1638 1516 neque,
1693 1425 1748 1493 si
1789 1433 1963 1494 esset
1995 1426 2316 1516 scriptum
2335 1472 2356 1510 ,
2408 1425 2791 1515 comparari
2820 1446 2975 1493 cum

739 1552 825 1598 eo
853 1538 1087 1621 posset
1119 1529 1183 1597 si
1214 1530 1370 1621 quis
1412 1528 1872 1598 existimarit.-
1922 1528 2110 1618 quod
2154 1529 2438 1596 verbum
2476 1527 2593 1597 hic
2622 1527 2974 1595 manifesto

731 1642 1004 1702 non-est
1046 1631 1504 1704 coniunctivus
1534 1631 1860 1723 perfecti,
1911 1632 2033 1700 sed
2060 1631 2454 1702 indicativus
2501 1631 2708 1699 futuri
2739 1629 2973 1703 exacti.

736 1736 1083 1805 Donatum
1147 1744 1370 1803 autem
1422 1735 1571 1823 quis
1629 1733 1867 1805 credat
1917 1742 2057 1802 tam
2114 1736 2416 1804 inutilem
2474 1735 2976 1821 adnotationem

735 1839 1010 1923 fecisse,
1062 1838 1486 1907 existimarit
1501 1859 1649 1932 pro
1692 1837 2248 1907 existimaverit?
2296 1839 2515 1930 lmmo
2541 1839 2806 1929 scripsit
2828 1837 2976 1905 hic:

739 1942 1099 2013 existimat
1136 1940 1267 2032 (sic
1307 1941 1484 2010 enim
1529 1942 1843 2034 legebat,
1913 1950 1982 2011 et
2013 1951 2114 2010 est
2160 1940 2301 2011 hoc
2342 1941 2411 2008 in
2454 1940 2974 2031 aliquammultis

727 2044 968 2136 libris)
1015 2066 1161 2137 pro
1202 2043 1649 2114 existimabit.
1752 2044 1916 2116 Hoc
1964 2045 2188 2136 ipsum
2244 2053 2468 2113 autem
2526 2041 2975 2127 existimabit,

735 2171 868 2240 pro
916 2170 1054 2238 quo
1094 2148 1286 2218 multi
1325 2149 1580 2218 librarii
1625 2147 1896 2241 vulgari
1940 2170 2168 2216 errore
2223 2149 2648 2217 existimavit
2687 2146 2977 2238 scripse-

734 2261 922 2337 runt,
972 2252 1190 2322 multo
1215 2253 1435 2344 magis
1466 2253 1809 2322 communi
1835 2251 2126 2320 sermoni
2158 2252 2557 2321 conveniens
2590 2259 2720 2338 est,
2773 2272 2980 2342 quam

736 2356 1197 2426 existimarit:
1246 2365 1323 2425 ut
1354 2366 1685 2449 appareat
1699 2402 1721 2443 ,
1772 2353 1946 2424 nihil
1987 2354 2385 2424 mutandum
2424 2355 2649 2425 fuisse.

939 2492 1118 2564 Mox
1165 2492 1387 2563 dedit:

994 2630 1117 2723 qui
1146 2628 1322 2699 bene
1347 2627 1690 2701 vertendo
1723 2638 1795 2701 et
1815 2629 2074 2700 eadem
2095 2628 2470 2700 scribendo
2491 2630 2825 2717 male,ex

1004 2733 1314 2804 Graecis
1363 2734 1562 2804 bonis
1602 2735 1910 2805 Latinas
1943 2733 2137 2828 fecit
2175 2756 2315 2803 uon
2340 2719 2599 2805 bonas.

738 2917 784 2957 „
801 2869 927 2938 Ex
987 2868 1296 2940 Graecis
1333 2867 1548 2940 bouis.
1653 2871 1774 2943 Sic
1792 2874 1862 2958 ,⁴⁶
1941 2871 2182 2960 inquit,
2251 2872 2646 2956 „Faernus
2709 2870 2835 2939 sed
2893 2890 2982 2937 ex

564 2988 571 2997 '
649 2981 789 3060 14„
805 2972 1019 3064 priori
1047 2973 1267 3043 versui
1312 2974 1833 3065 apponendum:
1882 2984 1957 3044 ut
1979 2975 2155 3042 infra
2184 2975 2267 3042 V.
2308 2974 2376 3041 2.
2409 2974 2532 3042 20.
2578 2974 2746 3066 quin
2786 2973 2984 3041 invo-

739 3078 945 3162 „lem
975 3076 1050 3145 in
1082 3075 1462 3169 Capillum.
1565 3080 1809 3168 Neque
1854 3078 2032 3147 enim
2075 3101 2232 3149 cum
2272 3077 2418 3145 viro
2463 3077 2674 3148 docto
2699 3085 2841 3144 tam
2873 3076 2982 3142 fa-

740 3225 785 3263 „
804 3177 933 3248 cile
977 3179 1419 3269 corripuerim
1474 3182 1805 3270 syllabam
1854 3205 2013 3254 cum
2083 3181 2417 3272 positione
2435 3229 2455 3265 ‚
2542 3191 2691 3249 tum
2746 3189 2985 3248 natura

740 3282 1092 3372 longam.“
1193 3282 1771 3373 Praepositionem
1815 3285 2010 3353 istani
2036 3286 2251 3374 priori
2292 3284 2507 3353 versui
2545 3285 2681 3352 iam
2719 3283 2809 3351 G.
2843 3282 2983 3350 Fa·
3112 3361 3117 3368 ἢ

740 3385 1027 3458 bricium
1049 3431 1069 3470 ,
1122 3382 1469 3453 Muretum
1484 3433 1505 3470 ,
1560 3395 1628 3455 et
1664 3387 1831 3455 alios
1875 3387 2213 3456 addidisse
2231 3437 2252 3472 ,
2305 3387 2579 3457 Reizius
2617 3386 2983 3457 adnotavit.

739 3488 836 3563 Et
874 3488 944 3555 in
967 3486 1073 3557 his
1103 3487 1385 3578 quidem
1423 3488 1596 3557 nihil
1622 3497 1727 3558 est
1760 3490 1951 3582 quod
1987 3490 2127 3561 hoc
2156 3492 2496 3562 miremur.
2599 3491 2985 3559 Bentleium

742 3613 906 3659 vero
962 3591 1297 3660 nollemus
1312 3640 1333 3677 ,
1410 3602 1488 3662 ut
1539 3594 1756 3662 Hario
1813 3594 2338 3679 contradiceret,
2430 3594 2669 3663 fecisse
2686 3642 2708 3679 ,
2793 3591 2987 3683 quod

742 3694 984 3763 rectius
1002 3744 1023 3782 ,
1087 3696 1143 3763 si
1180 3694 1345 3784 quid
1385 3696 1625 3782 video,
1699 3721 1839 3766 non
1884 3698 2173 3771 fecisset.
2277 3697 2727 3788 Exemplum,
2794 3695 2986 3786 quod

748 3794 982 3881 affert,
1045 3798 1336 3867 alienum
1390 3808 1508 3868 est.
1613 3800 1791 3869 Nam
1832 3800 1931 3869 ibi
1982 3800 2352 3870 cohaerent
2391 3802 2598 3869 verba
2640 3799 2986 3889 utriusque

747 3919 973 3965 versus
1010 3922 1146 3968 una
1184 3903 1662 3992 perpetuitate.
1765 3905 1905 3974 Hic
1937 3926 2100 3973 vero
2131 3903 2579 3994 interpunctio
2614 3912 2716 3971 est
2747 3903 2820 3970 in
2850 3903 2987 3970 fine

749 4021 975 4067 versus
990 4046 1011 4084 ‚
1066 4011 1132 4069 et
1159 4025 1295 4090 non
1328 4005 1698 4076 cohaerent
1729 4010 1970 4092 verba,
2021 4017 2098 4074 ut
2123 4006 2429 4098 ineptum
2451 4005 2669 4075 videri
2715 4005 2988 4090 debeat,

693 4131 696 4136 ·
748 4102 1319 4195 praepositionem
1354 4108 1586 4178 divelli
1615 4112 1704 4177 ab
1736 4111 2006 4179 nomine
2041 4132 2185 4178 suo.
2291 4110 2502 4194 Quod
2533 4118 2760 4178 autem
2798 4109 2992 4177 addit

752 4204 844 4272 de
900 4208 1327 4294 correptione
1380 4211 1557 4298 eius,
1639 4212 1711 4279 in
1756 4236 1840 4283 eo
1886 4214 2035 4304 ipse
2084 4214 2213 4281 sibi
2274 4222 2613 4304 repugnat
2631 4261 2653 4298 ,
2736 4215 2856 4304 qui
2919 4212 2991 4279 in

749 4301 1018 4479 tIliea'lliitl}
1066 4305 1156 4375 11.
1189 4307 1289 4398 4,
1348 4310 1469 4382 17.
1533 4314 1879 4386 admiserit
1924 4316 2108 4387 hanc
2172 4317 2674 4408 correptionem
2731 4316 2804 4387 in
2852 4313 2997 4424 hoc

814 4432 899 4483 oc
1017 4431 1146 4483 co.
