3325 5317
1093 471 1725 534 DlS‘SERTATIO
1782 471 1855 533 11.
2302 472 2309 479 ’
2458 474 2584 538 153

347 645 538 715 aliter
582 643 987 736 scripturum
1025 642 1226 713 fuisse
1242 691 1264 729 ,
1316 643 1372 713 si
1405 646 1671 736 saepius
1713 643 1782 712 in
1824 642 2049 712 Sicilia
2092 643 2321 713 fuisset
2358 654 2585 735 poeta.

213 772 217 776 ·
343 751 504 819 Non
552 769 690 840 ego
733 770 891 815 sane
924 744 1102 819 haec
1132 758 1526 840 argumenta
1557 770 1830 839 prorsus
1844 748 2415 841 ·contempserim:
2465 748 2588 817 sed

342 852 570 920 fateor
596 859 856 936 tamen,
909 849 1182 918 minoris
1226 875 1306 918 ea
1351 851 1672 941 ponderis
1713 874 1890 937 esse,
1943 874 2151 941 quam
2175 852 2397 940 prima
2428 875 2589 941 spe-

344 958 450 1039 cie
490 954 822 1022 videntur.
860 1014 864 1019 .
923 954 1103 1021 Nam
1126 954 1464 1022 Athenaei
1497 954 1778 1044 quidem
1812 953 2016 1024 verba
2058 963 2239 1024 certe
2266 954 2408 1024 hoc
2452 975 2590 1022 non
2640 987 2659 1004 ·

346 1057 750 1142 excludunt,
802 1077 940 1124 non
990 1052 1203 1125 semel
1239 1057 1309 1124 in
1362 1057 1597 1127 Sicilia
1637 1056 1841 1126 fuisse
1883 1056 2334 1149 Aeschylum:
2401 1057 2592 1147 quod
2660 1052 2663 1053 ⁷

289 1207 294 1212 -
350 1170 586 1230 autem
611 1160 703 1226 ad
735 1169 1035 1229 caeteros
1054 1209 1073 1244 ,
1125 1181 1296 1250 quos
1333 1162 1861 1229 commemoravi
1875 1209 1896 1246 ,
1949 1161 2310 1252 scriptores
2337 1163 2591 1247 attinet,

341 1285 548 1333 nemo
593 1285 729 1330 non
771 1262 990 1347 videt,
1044 1287 1250 1351 quam
1295 1262 1539 1350 facile,
1591 1285 1803 1353 quum
1844 1265 1912 1331 in
1960 1264 2191 1333 Sicilia
2249 1274 2591 1333 mortuum

345 1389 489 1436 esse
537 1374 817 1457 poetam
862 1367 1139 1451 scirent,
1226 1389 1525 1437 caussam
1584 1375 1810 1435 autem
1870 1367 2117 1436 itineris
2177 1389 2316 1436 non
2356 1391 2590 1462 unam,

341 1471 608 1561 quippe
629 1469 796 1538 aliis
829 1469 919 1537 de
964 1469 1098 1537 alio
1138 1470 1373 1538 itinere
1412 1471 1880 1539 disserentibus
1896 1517 1918 1555 ,
1970 1469 2199 1567 afferri
2247 1470 2586 1557 vidissent,

344 1573 526 1642 haec
550 1572 646 1639 ita
691 1572 1037 1663 potuerint
1082 1573 1533 1658 confundere,
1587 1582 1661 1641 ut
1695 1574 1901 1642 semel
1941 1575 2327 1666 profectum
2360 1575 2430 1642 in
2474 1575 2584 1643 Si·
2599 1584 2684 1647 16

346 1676 576 1747 ciliam
619 1675 852 1763 ibique
902 1685 1245 1745 mortuum
1284 1686 1620 1767 putarent.
1721 1676 1938 1744 Attuli
1985 1677 2160 1747 haec
2206 1701 2290 1748 eo
2327 1686 2590 1745 tantum

343 1781 480 1847 fine
493 1826 514 1863 ,
567 1785 645 1846 ut
688 1778 1142 1865 ostenderem,
1193 1779 1364 1848 nihil
1407 1804 1550 1849 esse
1565 1787 1604 1866 ,'
1648 1802 1860 1870 quare
1896 1802 2168 1873 prorsus
2206 1781 2592 1850 reiiceretur

341 1882 616 1952 Suidae·
631 1880 721 1949 de
752 1881 880 1950 isto
913 1883 1150 1952 itinere
1175 1883 1664 1953 testimonium.
1768 1883 1941 1953 Sunt
1993 1907 2156 1954 vero
2204 1885 2407 1953 etiam
2439 1885 2590 1969 alia,

342 2009 558 2077 quae,
643 1984 901 2055 etiamsi
962 1986 1248 2055 Suidam
1293 1997 1517 2055 errare
1562 1986 1802 2056 credas
1820 2036 1842 2073 ,
1918 1988 2311 2056 sententiam
2350 2000 2594 2056 'meam

340 2087 549 2159 valde
595 2088 1075 2159 commendare
1114 2089 1489 2159 videantur.
1577 2089 1905 2175 ,Quorum
1951 2092 2087 2159 alia
2126 2091 2333 2175 infra,
2384 2113 2595 2159 unum

341 2215 525 2263 nunc
553 2189 856 2260 afferam.
960 2193 1325 2282 Syracusas
1369 2192 1459 2261 ad
1475 2193 1861 2262 Hieronem
1891 2217 2131 2285 regem
2167 2194 2421 2262 venisse
2447 2194 2595 2267 Ae-

346 2295 667 2386 schylum
681 2343 703 2380 ,
760 2295 1152 2365 testimoniis
1183 2299 1588 2390 scriptorum
1625 2317 1764 2366 non
1809 2298 2143 2389 ambiguis
2182 2297 2595 2387 comproba-

347 2411 500 2468 tum
526 2397 835 2468 vidimus.
936 2399 1059 2468 Ita·
1084 2423 1249 2469 vero
1280 2401 1510 2469 mirari
1549 2400 1748 2485 licet,
1807 2400 1973 2490 quid
1990 2434 1995 2437 -
2013 2401 2132 2485 sit,
2183 2399 2375 2490 quod
2414 2423 2455 2467 a
2488 2399 2596 2466 vi-

344 2513 458 2571 tae
525 2492 852 2592 scriptore
902 2524 1042 2572 non
1103 2503 1292 2595 apud
1337 2502 1792 2593 Syracusanos
1809 2551 1829 2587 ,
1913 2502 2033 2571 sed
2090 2503 2278 2594 apud
2336 2502 2597 2572 Geloos

344 2608 417 2674 in
462 2604 730 2673 honore
773 2607 975 2677 fuisse
990 2654 1011 2693 ,
1063 2629 1193 2677 nec
1219 2607 1565 2697 Syracusis
1582 2657 1604 2694 ,
1653 2607 1774 2676 ubi
1801 2628 1960 2675 eum
1992 2605 2291 2697 hospitia
2322 2615 2597 2681 contra-‚-

345 2710 518 2776 xisse
560 2708 856 2796 credas,'
888 2710 1010 2778 sed
1057 2711 1236 2782 circa
1282 2710 1572 2795 Gelam,
1619 2733 1831 2800 quum
1878 2733 1962 2778 ex
2006 2709 2270 2801 oppido
2315 2709 2597 2794 exiisset,

348 2822 426 2880 ut
465 2811 777 2880 Valerius
812 2812 1169 2882 ‚Maximus
1186 2863 1208 2900 ,
1291 2835 1429 2884 non
1479 2814 1598 2882 ille
1646 2823 1876 2883 tamen
1924 2812 2174 2882 Gelam
2227 2814 2597 2897 nominanS,

345 2915 472 2986 IX.
507 2912 626 2982 12.
676 2915 885 2984 refert
902 2964 922 3001 ,
974 2927 1278 2985 mortuus
1307 2919 1744 3009 sepultusque
1784 2917 2063 2988 dieatur.
2135 2916 2395 3002 Multas
2436 2938 2595 2983 sane

347 3018 767 3089 comminisci
808 3041 1161 3108 possumus
1200 3044 1461 3091 caussas
1478 3071 1499 3106 ,
1571 3023 1819 3110 quibus
1851 3020 2030 3090 haec
2070 3020 2165 3089 ita
2207 3020 2594 3089 acciderint.

348 3121 497 3190 Sed
535 3145 747 3211 quum
778 3123 924 3209 alii,
973 3133 1049 3192 ut
1084 3124 1260 3192 vitae
1301 3126 1590 3215 scriptor
1622 3133 1899 3193 testatur
1915 3172 1935 3209 ,
1991 3147 2147 3192 eum
2180 3124 2251 3192 in
2293 3118 2595 3193 Siciliam

352 3225 588 3293 abiisse
639 3225 904 3312 dicant,
968 3227 1174 3317 quod*
1216 3227 1428 3301 victus
1481 3232 1651 3296 esset
1697 3229 1782 3295 ab
1829 3227 2213 3312 Simonide,
2277 3250 2453 3316 quae
2492 3248 2597 3294 res

268 3396 276 3401 .
355 3329 578 3398 evenit
616 3326 896 3420 Olymp.
954 3330 1268 3401 LXXIII.
1317 3331 1386 3398 1.
1446 3331 1700 3421 quidni,
1732 3330 2086 3424 credamus
2137 3325 2386 3399 Gelam
2450 3338 2595 3397 tum

353 3454 509 3501 eum
540 3431 678 3499 sive
708 3435 1004 3522 primum
1022 3483 1043 3520 ,
1099 3434 1237 3503 sive
1273 3435 1519 3503 iterum
1570 3437 1766 3504 ivisse
1781 3482 1802 3520 ,
1852 3436 2354 3526 probatumque
2396 3431 2599 3497 habi.-

349 3535 519 3602 tanti
548 3534 646 3603 ibi
688 3536 1007 3623 Hieroni,
1060 3561 1266 3626 quem
1309 3539 1577 3608 biennio
1619 3536 1992 3628 posteGelo
2025 3538 2089 3605 ei
2127 3537 2280 3604 urbi
2322 3526 2603 3625 praefe-

355 3639 480 3723 cit,
531 3660 741 3726 quum
777 3640 898 3708 illo
947 3650 1259 3731 tempore
1274 3690 1295 3727 ,
1348 3663 1488 3730 quo
1530 3642 1745 3708 Hiero
1782 3662 1904 3708 rex
1942 3640 2159 3708 factus
2174 3656 2184 3665 ·
2202 3648 2343 3706 erat
2386 3637 2599 3725 Syra-

356 3763 668 3811 cusarum
682 3791 701 3826 ,
753 3764 978 3813 rursus
1021 3745 1332 3813 inviseret
1377 3744 1676 3815 Siciliam
1694 3791 1715 3828 ,
1780 3743 2141 3831 Syracusas
2189 3740 2601 3833 profectum,
2657 3782 2662 3787 -

353 3853 624 3914 mortuo
668 3845 971 3917 Hierone
1018 3849 1321 3937 antiquos
1375 3847 1677 3939 hospites
1691 3894 1712 3932 ,
1779 3845 2076 3931 Geloos3
2158 3845 2549 3935 praetulisse
2568 3843 2604 3910 ?

355 3948 553 4018 Haec
601 3947 657 4019 si
698 3948 882 4020 facta
917 3952 1291 4036 statuimuS,
1342 3973 1482 4019 non
1530 3953 1656 4019 erit
1701 3970 1909 4041 opuS,
1960 3957 2036 4017 ut
2068 3971 2480 4039 quemquam
2515 3948 2643 4041 fil-3

354 4051 583 4120 -lorum
642 4051 1045 4144 scriptorum
1058 4103 1079 4140 ,
1142 4054 1262 4144 qui
1309 4054 1481 4123 alius
1547 4053 1748 4120 aliam
1789 4053 1885 4120 ob
1938 4072 2241 4121 caussam
2288 4050 2602 4141 Aeschy-

359 4155 500 4223 lum
559 4157 629 4223 in
675 4154 977 4226 Siciliam
1031 4158 1226 4226 ivisse
1277 4157 1552 4225 tradunt
1566 4204 1589 4241 ,
1656 4155 1898 4225 erroris
1951 4178 2332 4249 arguamus.
2456 4152 2601 4223 Sed

361 4259 619 4326 etiamsi
653 4257 832 4329 haec
846 4309 867 4348 ,
920 4284 1098 4352 quae
1128 4262 1257 4330 tria
1280 4259 1476 4328 nobis
1497 4258 1814 4327 videntur
1844 4259 2084 4327 itinera
2110 4261 2338 4343 fuisse,
2390 4274 2601 4324 unum

349 4363 831 4431 tantummodo
871 4365 998 4441 sint
1011 4413 1034 4450 ,
1113 4373 1182 4431 at
1220 4363 1494 4433 rediisse
1537 4371 1764 4431 tamen
1807 4363 2230 4452 Aeschylum
2275 4358 2600 4443 Athenas,
2658 4366 2663 4371 ’

367 4473 459 4570 6ῐὶ
474 4474 749 4557 postea,
801 4467 942 4538 sive
984 4468 1229 4536 iterum
1246 4514 1267 4555 ,
1320 4462 1457 4537 si’ve
1493 4477 1841 4558 quartum,
1908 4468 1977 4536 in
2020 4466 2324 4538 Siciliam
2362 4456 2602 4554 profe-
