3325 5317
742 471 876 534 244
1203 463 1627 528 cENsvnA
1666 463 1996 528 NovAE
2035 464 2532 528 EDITIONIS

748 641 876 710 ¹³¹¹ss
901 686 927 725 ι
1037 637 1361 707 feminino
1453 603 1710 732 genere
1791 636 1977 709 dicat
2055 637 2329 733 αἰθέρα
2423 639 2589 711 δῖαν
2603 692 2634 728 ,
2744 637 2987 706 viden-

746 743 1153 916 22:212ssss
1169 867 1188 884 .
1212 765 1303 812 ne
1362 740 1459 810 ita
1521 741 1847 833 scriptum
1895 741 1986 809 ab
2044 738 2364 833 Orphico
2424 740 2547 809 illo
2578 775 2585 796 ·
2613 739 2987 811 existimare

952 993 1189 1098 τῆκων
1243 997 1512 1096 αἰθέρα
1564 995 1762 1080 δίαν,
1829 989 2178 1095 οἱκινήτην
2225 989 2398 1093 πρὶν
2446 998 2732 1072 ἐοῦσαν.

750 1151 962 1240 Quod
1008 1150 1276 1221 tametsi
1325 1173 1413 1219 ex
1436 1148 1762 1244 Orphicis
1807 1151 1969 1241 ipsis
2016 1152 2297 1242 probari
2329 1160 2590 1243 posset,
2642 1173 2855 1241 quum
2880 1149 2989 1217 fe-

747 1257 980 1326 minini
1043 1256 1313 1348 generis
1363 1254 1540 1326 haec
1604 1276 1743 1323 vox
1790 1255 1871 1321 sit
1918 1256 1992 1323 in
2040 1253 2274 1375 hymn.
2323 1255 2498 1323 lxxx.
2551 1251 2744 1346 (79.)
2795 1252 2867 1322 6.
2920 1262 2989 1320 et

748 1361 996 1453 fragm.
1049 1359 1134 1427 vi.
1187 1357 1256 1426 3.
1308 1367 1535 1440 tamen
1549 1405 1571 1443 ,
1634 1358 1954 1458 quoniam
1995 1358 2266 1449 saepius
2314 1359 2683 1428 masculino
2736 1379 2984 1450 genere

750 1464 821 1533 in
854 1463 960 1531 his
992 1462 1392 1530 carminibus
1420 1469 1815 1551 usurpatur,
1867 1470 1938 1528 et
1978 1455 2258 1531 fortasse
2289 1485 2533 1533 arcana
2561 1462 2786 1549 aliqua
2815 1461 2985 1528 ratio

750 1569 1013 1650 subest,
1082 1588 1290 1655 quare
1340 1563 1460 1634 hic
1504 1584 1778 1653 quoqne
1818 1563 1914 1631 ita
1965 1557 2107 1633 esse
2157 1564 2446 1651 debeat,
2495 1587 2634 1632 ιιοιι
2682 1564 2985 1632 videntur

750 1671 1112 1741 femininae
1163 1666 1485 1735 forma'e
1467 1689 1536 1734 ιιι
1588 1667 1717 1736 isto
1760 1690 1954 1734 versu
2001 1668 2456 1758 reponendae.
2562 1671 2792 1756 Atque
2854 1667 2981 1755 hy-

663 1755 681 1770 Ι
751 1797 944 1843 mnus
992 1794 1057 1843 v.
1128 1769 1268 1861 (4.)
1318 1769 1437 1858 qui
1483 1768 1802 1837 Aetheris
1848 1778 1985 1854 ost,
2052 1772 2491 1840 masculinum
2542 1769 2772 1839 habet.
2874 1769 2986 1837 Sic

753 1877 986 1946 etiam
1004 1872 1239 1964 hymn.
1288 1872 1500 1940 xxxiv.
1556 1871 1754 1962 (33.)
1821 1870 1942 1939 11.
2008 1873 2168 1941 lviii.
2221 1870 2414 1965 (57.)
2466 1870 2538 1942 5.
2605 1883 2676 1941 et
2739 1874 2981 1964 fragm.

752 1978 945 2048 iii-7.
984 1977 1071 2045 vi.
1102 1974 1224 2049 27.
1260 1973 1422 2043 ιι.6.
1473 1975 1619 2044 Sed
1671 1975 1920 2066 fragm.
1967 1976 2096 2043 xix.
2147 1975 2220 2048 4.
2273 1977 2443 2045 nihil
2491 1977 2764 2070 probat.
2814 1977 2986 2044 Ver-

752 2105 860 2151 sus
907 2081 1037 2166 isti,
1087 2080 1208 2170 qui
1258 2069 1735 2185 corruptissimi
1784 2086 1969 2168 sunt,
2020 2079 2116 2147 ita
2155 2080 2493 2150 scribendi
2549 2079 2893 2150 videntur:

954 2235 1155 2309 ἔστιν
1206 2230 1400 2330 ὕδωρ
1451 2252 1686 2327 ψυχῃ,
1756 2224 1956 2330 ψυχή
2006 2224 2081 2305 δ
2131 2226 2523 2306 vaninassu
2574 2226 2889 2327 ἀμοιβή·

951 2340 1031 2412 ἐκ
1083 2332 1155 2410 δ’
1189 2333 1457 2416 ὕδατος
1504 2335 1643 2427 μὲν
1694 2340 1913 2426 γαῖα,
1965 2361 2055 2408 το
2041 2328 2150 2409 δ’
2177 2340 2254 2409 ἐκ
2284 2335 2492 2460 γαίης
2524 2331 2745 2411 παλιν
2777 2334 2985 2433 ὕδωρ·

957 2443 1034 2515 ἐκ
1084 2438 1225 2513 τοῦ
1275 2438 1353 2512 δὲ
1403 2429 1637 2534 ψυχή,
1690 2430 1868 2510 ὀδόν
1919 2439 2217 2535 αἰθέρος
2267 2432 2760 2514 α’λλοέσσουσα.

755 2593 1113 2668 Caeterum
1159 2592 1232 2661 in
1276 2591 1399 2659 illo
1441 2613 1678 2677 versu,
1726 2614 1770 2657 a
1816 2610 1956 2682 quo
2010 2590 2227 2662 exorsi
2257 2615 2516 2680 sumus,
2569 2592 2772 2663 etiam
2800 2589 2992 2688 πρίν,

754 2697 946 2788 quod
1006 2696 1195 2789 apud
1261 2694 1699 2763 Macrobium
1763 2703 1861 2763 est
1875 2742 1896 2780 ,
1980 2695 2247 2766 videtur
2299 2696 2701 2765 servandum
2773 2696 2992 2763 fuisse.

660 2803 941 2872 zoNam
999 2798 1190 2888 quod
1242 2798 1582 2866 Gesnerus
1636 2799 1864 2866 nescio
1927 2797 2111 2868 unde
2171 2797 2402 2885 dedit,
2467 2791 2807 2896 ἀκίνητόν
2856 2820 2990 2891 περ

705 2983 712 2988 ,
752 2897 975 2978 ἐόντα
994 2953 1013 2982 ,
1081 2902 1365 2970 fortasse
1380 2949 1401 2987 ,
1466 2901 1523 2968 si
1572 2900 1861 2971 severius
1913 2902 2362 2992 expendatur,
2440 2903 2643 2971 etiam
2691 2902 2994 2992 ineptum

752 3005 1037 3077 iudicari
1064 3005 1359 3075 debebit.
1424 3003 1609 3072 Illud
1644 3025 1807 3072 vero
1845 3005 2259 3095 aptissimum
2289 3014 2409 3094 est,
2460 3001 2797 3102 ἀκίνητον
2825 3002 2994 3098 πρὶν

755 3103 978 3182 ἐόντα
996 3163 1014 3189 ,
1067 3107 1398 3197 siqnidem
1448 3107 1593 3177 hoc
1644 3110 1929 3200 egregie
1970 3119 2273 3200 poetam,
2304 3107 2569 3194 decuit,
2636 3108 2993 3199 „rigidam

756 3220 828 3279 et
876 3233 1163 3280 crassam
1213 3212 1578 3302 caliginem
1590 3215 1637 3253 ‘⁶
1702 3212 1965 3303 fingere
1982 3263 2003 3300 ,
2071 3235 2248 3302 quae
2287 3212 2444 3279 solis
2493 3210 2724 3281 calore
2768 3212 2994 3300 lique-

729 3315 939 3400 ·facta
977 3314 1248 3383 Horum
1297 3314 1691 3405 peperisset.
1807 3314 1988 3382 Nam
2048 3339 2137 3385 ne
2192 3313 2335 3385 hoc
2389 3315 2669 3404 quidem
2731 3314 2995 3383 videtur

752 3417 1107 3511 praeteriri
1136 3416 1476 3504 debuisse,
1529 3415 1720 3505 quod
1767 3416 1838 3484 in
1884 3419 2180 3488 secundo
2220 3441 2410 3489 versu
2456 3417 2744 3510 legitur,
2797 3415 2992 3513 ὥραν

755 3515 1143 3596 κάλλιστον
1182 3522 1514 3609 ἰδέσθαι,
1567 3540 1698 3588 nec
1749 3520 1902 3587 satis
1952 3521 2225 3607 usitate,
2275 3544 2404 3591 nec
2443 3545 2581 3610 qua
2631 3521 2994 3614 oportebat

757 3625 1051 3695 dialecto
1104 3624 1359 3694 dictum
1400 3645 1576 3691 esse:
1643 3645 1785 3713 quo
1834 3624 2049 3692 minus
2099 3625 2542 3694 dubitandum
2594 3635 2770 3710 erat,
2831 3623 2995 3713 quin

756 3739 944 3799 recte
979 3729 1318 3799 Gesnerus
1343 3722 1622 3823 'Alpem
1677 3720 2063 3801 κάλλιστον
2115 3731 2410 3803 ἰδέσθαι
2461 3727 2858 3813 coniecerit,
2907 3727 2995 3794 li·-

761 3841 872 3899 cet
897 3832 971 3899 id
1013 3854 1147 3901 non
1197 3833 1279 3901 sit
1326 3854 1521 3901 ausus
1558 3829 1886 3922 recipere.
1987 3830 2081 3899 Et
2112 3830 2272 3902 edd.
2302 3833 2662 3962 nonnullae
2711 3831 2995 3904 Macro·-

760 3934 856 4000 bii
908 3935 1157 4004 eodem
1210 3944 1497 4005 accentu
1536 3928 1733 4031 ὤραν
1762 3933 2040 4006 habent.

779 4196 788 4205 .
964 4139 1209 4207 Paullo
1267 4149 1458 4231 post,
1524 4163 1595 4233 p.
1643 4137 1816 4207 261.
1870 4139 1957 4208 Β.
2008 4138 2337 4230 Aeschyli
2395 4141 2856 4232 fragmentum
2917 4160 2996 4207 ex

762 4240 1125 4311 Macrobio
1171 4243 1309 4311 Sat.
1340 4243 1382 4310 i.
1410 4240 1532 4311 18.
1577 4242 1869 4312 afferunt
1899 4243 2191 4311 editores
2225 4243 2589 4314 doctissimi
2605 4293 2628 4329 ‚
2676 4242 2768 4317 Ὀ
2792 4246 2995 4320 Κισ-

765 4338 928 4426 ostie
969 4339 1381 4436 Ἀπόλλων,
1435 4343 1479 4419 o‘
1515 4349 1885 4441 Καβαῖος,
1938 4344 1984 4419 o‘
2028 4339 2312 4439 μάντις.
2410 4346 2518 4415 De
2562 4370 2657 4428 eo,
2685 4347 2782 4415 ita
2830 4345 3015 4432 scri-f.

764 4450 959 4520 bunt:
1020 4496 1066 4535 „
1082 4449 1201 4517 ubi
1241 4448 1518 4518 Barnes.
1547 4450 1639 4519 ad
1679 4450 1919 4542 Eurip.
1948 4447 2209 4522 Bacch.
2258 4470 2322 4519 v.
2354 4447 2528 4519 4⁰8.
2572 4471 2705 4543 pro
2750 4448 2795 4526 ὁ
2818 4452 2993 4526 Κα-
