3325 5317
518 488 670 548 PRO
731 486 838 547 AN
839 485 1259 563 TIQVITATE
1320 488 1611 551 ORPHEI
1662 485 2110 551 ARGONAVT.
2151 488 2494 551 ALLATls.
2577 496 2638 556 Τ

390 661 586 751 Ergo
630 659 902 732 Lascari
918 660 953 728 Ρ
1003 660 1163 730 Hoc
1202 683 1366 730 vero
1405 681 1542 730 non
1572 666 1798 736 miror.
1900 627 2100 764 Nam
2123 683 2293 732 unus
2320 665 2621 731 omnium

390 764 986 854 grammaticorum
1035 757 1339 833 Lascaris
1383 789 1587 857 saepe
1628 766 1900 889 Orphei
1956 768 2347 840 auctoritate
2391 768 2616 850 utitur,

387 877 462 934 ut
517 890 647 957 par
684 877 828 936 erat
869 860 1342 937 admiratorem
1405 872 1712 939 carminis
1758 872 1844 942 ab
1893 894 1965 940 se
2005 869 2231 966 primo
2282 894 2322 938 e
2368 871 2495 938 situ
2548 881 2630 939 et

384 970 735 1037 tenebris
716 992 786 1037 m
841 971 1066 1039 lucem
1114 974 1468 1062 protracti.
1601 971 2067 1044 Memorabilis
2121 983 2219 1043 est
2265 974 2456 1043 locus
2472 1023 2492 1057 ,
2544 974 2614 1040 in

385 1094 523 1161 quo
564 1074 652 1140 de
698 1095 781 1141 ea
832 1097 907 1142 re
951 1075 1208 1144 scribit.
1277 1106 1318 1165 ῃ
1366 1076 1443 1148 δὲ
1485 1076 1762 1173 ποίησις
1811 1077 1952 1152 τοῦ
2009 1071 2610 1174 Ὁμηρικωτοῖτου

384 1179 714 1249 Κοΐντου
761 1175 895 1274 ἤδη
935 1171 1163 1250 πολνν
1206 1171 1470 1273 χρόνον
1502 1205 1726 1252 πασιν
1759 1179 2120 1272 ἄγνωστος
2152 1207 2241 1277 ην
2282 1179 2403 1253 καὶ
2448 1180 2607 1252 οἷον

315 1267 325 1290 ’
385 1276 877 1403 ἠφανισμένη·
934 1277 976 1352 ὁ
1007 1281 1085 1352 δὲ
1115 1283 1689 1373 θεοσεβέστατος
1732 1284 2162 1404 Βησσαρίων
2194 1279 2237 1356 ὀ
2265 1282 2604 1378 Νικαίας,

380 1374 792 1501 καρδινοῖλις
836 1376 1438 1472 Θουσκουλανου,
1505 1382 1549 1456 ὁ
1599 1379 1793 1457 πάντ
1868 1378 2155 1479 ἁγαθός
2207 1383 2328 1457 καὶ
2381 1383 2605 1465 ὅντως

386 1477 651 1575 σοφός,
702 1484 865 1604 aaz,
922 1480 1008 1557 ἵν’
1041 1483 1441 1583 Ὁμηρικοῖς
1482 1489 1686 1575 εἴπω,
1739 1482 2029 1568 ἰσόθεος
2079 1515 2260 1607 sprec,
2311 1485 2495 1560 ἄλλα
2521 1515 2604 1562 τε

380 1589 678 1657 πλεῖστα
722 1583 841 1680 ἐφ’
889 1613 1092 1682 ημων
1109 1642 1137 1675 ,
1193 1587 1311 1660 καὶ
1354 1581 1628 1687 ταύτην
1658 1596 1729 1671 ἐξ
1764 1587 2157 1720 Ἀπουλίας
2199 1583 2600 1679 ἄνασοίσας,

378 1693 528 1766 τοῖς
581 1692 1057 1781 βουλομένοις
1103 1692 1539 1783 μετέδωκεν,
1591 1691 1710 1793 ἢν
1744 1693 1866 1765 καὶ
1930 1686 2150 1773 αὐτος
2191 1688 2420 1765 πάλαι
2462 1694 2601 1785 μὲν

376 1782 736 1880 ἐπόθουν,
819 1792 950 1865 νῦν
1010 1792 1088 1863 δὲ
1147 1789 1397 1888 α’γαθῇ
1443 1788 1623 1891 τύχῃ
1671 1790 2145 1891 κτησάμενος,
2247 1796 2602 1891 δημοσίοις

372 1887 889 1986 ἄναγνωσομαι
913 1887 1107 1984 pesve?
1135 1890 1232 1966 τοῖ
1257 1890 1793 1990 Ἀργοναυτιιιοῖ
1819 1898 1960 1973 τοῦ
1984 1898 2223 1992 σοφοῦ
2249 1894 2597 1991 Ορφέως,

368 1995 421 2065 ὁὶ
438 1989 540 2119 δή
574 1991 802 2069 πάλαι
825 1998 1443 2120 κατημεληθέντα,
1503 1993 1715 2122 μόλις
1743 2002 1924 2074 ποτὲ
1951 1994 2172 2081 αὐτος
2197 2005 2275 2073 ἐν
2300 2001 2598 2073 Μεδιο-

367 2090 558 2189 λάνῳ
577 2093 817 2219 εὖρων
851 2094 1258 2195 σεσηπότα,
1311 2105 1674 2225 ἑκγραψας
1703 2129 1786 2175 τε
1799 2157 1824 2191 ,
1875 2102 1995 2176 καὶ
2020 2109 2172 2196 τοῖς
2202 2101 2444 2183 ἄλλοις
2467 2129 2597 2197 με·

365 2194 666 2286 radone,
718 2201 1067 2300 δημοσίοις
1098 2197 1602 2334 ἀναγινώσκω,
1653 2205 1936 2279 πολλων
1967 2206 2086 2278 καὶ
2120 2204 2376 2297 λογίων
2416 2206 2595 2279 νέων

367 2297 829 2399 φοιτώντων·
881 2303 1003 2376 καὶ
1037 2305 1167 2378 νῦν
1213 2308 1280 2386 ἐς
1312 2333 1406 2378 τα
1420 2308 1722 2397 ἔσχατα
1754 2308 1902 2381 τῶν
1933 2307 2290 2399 δυςτυχων
2323 2302 2594 2402 Ελλή-

366 2432 508 2477 νων
549 2402 812 2501 ἀνεβίω
865 2404 906 2479 ὁ
966 2402 1396 2528 ἠγνοημένος
1434 2414 1694 2490 ἐκεῖνος
1725 2404 2058 2505 Ὀρφεύς
2157 2411 2435 2482 Poterat
2472 2409 2593 2477 hic

360 2509 552 2577 locus
594 2508 648 2575 Ι.
688 2509 794 2579 M.
827 2509 1230 2594 Gesnerum,
1282 2511 1338 2578 si
1370 2511 1428 2577 is
1464 2533 1621 2580 eum
1666 2513 2014 2603 cognitum
2055 2511 2430 2596 habuisset,
2479 2533 2608 2606 ref

356 2633 602 2681 vocare
634 2613 722 2681 ab
748 2611 856 2679 his
871 2660 892 2698 ,
945 2634 1122 2700 quae
1149 2634 1393 2702 parum
1424 2614 1842 2684 considerate
1872 2615 1961 2683 ab
1994 2635 2078 2681 eo
2103 2614 2354 2705 scripta
2365 2613 2592 2681 Ham-

356 2716 684 2806 bergerus
729 2716 801 2782 in
844 2713 1263 2805 praefatione
1307 2716 1400 2782 ad
1455 2715 1819 2808 Orpheum
1867 2717 2110 2786 retulit.
2211 2716 2357 2785 Sed
2400 2718 2591 2785 idem

355 2818 549 2887 locus
575 2819 755 2910 fugit
782 2818 983 2886 etiam
1009 2817 1419 2912 Fabricium,
1468 2820 1852 2889 Harlesium
1865 2868 1887 2904 ,
1939 2829 2009 2887 et
2031 2841 2251 2910 nuper
2272 2818 2587 2909 Tychse-

355 2923 565 2993 nium.
664 2921 812 2988 Iam
838 2922 948 2987 vix
993 2939 1166 3012 opus
1211 2932 1344 3006 est,
1396 2932 1472 2990 ιιι
1514 2924 1904 3013 explicatius
1951 2922 2208 3008 dicam,
2261 2944 2401 3011 quo
2429 2945 2585 2991 mea

351 3025 629 3106 inclinet
648 3025 986 3093 sententia.
1090 3025 1267 3092 Nam
1305 3025 1361 3092 si
1397 3024 1726 3095 Draconis
1761 3026 1985 3111 locoS,
2035 3027 2112 3093 iu*
2153 3027 2397 3115 quibus
2442 3024 2583 3094 Or-

349 3127 614 3219 pheum
659 3127 861 3196 affert
875 3176 896 3212 ‚
973 3129 1438 3219 ignoraremus
1453 3177 1475 3215 ,
1562 3130 1709 3218 quis
1775 3137 1946 3197 esset
1960 3176 1981 3214 ,
2061 3130 2222 3218 quin
2264 3128 2583 3197 Lascarin

349 3232 511 3298 istos
552 3253 774 3299 versus
805 3232 1101 3323 primum
1133 3252 1706 3301 commemorasse·
1725 3231 2033 3301 crederet
2047 3231 2081 3299 ?
2130 3232 2329 3302 Nunc
2369 3254 2580 3322 quum

351 3335 554 3402 etiam
584 3335 654 3402 in
693 3334 1017 3406 Draconis
1042 3334 1219 3401 libro
1254 3356 1370 3403 eos
1416 3334 1561 3427 legi
1583 3338 1924 3421 novimuS,
1975 3344 2319 3420 utrumne,
2371 3357 2581 3423 quem

347 3435 899 3507 nullus'veterum
933 3438 1526 3527 grammaticorum
1568 3440 1907 3527 citaverit,
1956 3438 2141 3507 hunc
2183 3462 2225 3505 a
2262 3437 2579 3506 Dracone

348 3550 697 3611 auctorem
742 3539 1120 3608 adhibitum
1155 3564 1330 3627 esse,
1382 3549 1451 3610 et
1492 3542 1832 3631 quidem’
1814 3563 1884 3609 m
1922 3543 2157 3625 rebuS,
2210 3563 2386 3630 quae
2432 3541 2631 3609 aliisi)

347 3655 417 3714 et
452 3643 1004 3737 locupletioribus
1028 3644 1305 3712 testibus
1334 3649 1760 3730 constabant,
1813 3644 2262 3730 censebimus»,
2313 3664 2401 3710 an
2432 3643 2575 3712 hoc

348 3769 623 3835 quoque
664 3747 812 3815 fieri
849 3747 1147 3837 potuisse
1183 3747 1582 3834 fatebimur,
1630 3759 1706 3817 ut
1743 3747 1865 3815 illo
1897 3756 2207 3836 tempore
2224 3793 2245 3831 ,
2294 3768 2434 3835 quo
2458 3770 2576 3814 re-

346 3872 502 3918 cens
543 3860 688 3918 erat
733 3859 1006 3941 reperto
1056 3854 1353 3919 omnium
1416 3852 1670 3923 scilicet
1732 3851 2183 3938 antiquissimo
2246 3849 2576 3941 scriptore

340 3954 669 4045 gaudium
687 4002 708 4037 ,
757 3954 1200 4022 insererentur
1237 3955 1565 4024 Draconis
1593 3956 1772 4022 libro
1816 3954 1979 4020 tanti
2011 3953 2265 4023 scilicet
2302 3954 2575 4045 ponde-

338 4056 431 4123 ris
490 4031 922 4125 testimonia?
1003 4057 1230 4126 Vnum
1258 4056 1444 4126 addo
1463 4108 1484 4144 ,
1535 4056 1848 4126 codicem
1886 4056 2215 4126 Draconis
2270 4079 2353 4125 eo
2393 4066 2570 4125 tem-

331 4182 513 4251 pore
553 4152 876 4251 scriptum
918 4182 1060 4227 esse
1078 4209 1099 4245 ,
1150 4170 1226 4229 ut
1268 4161 1469 4229 scribi
1515 4163 1602 4228 ab
1647 4160 1877 4249 aliquo
1914 4159 2220 4229 Lascaris
2264 4159 2573 4228 auditore

325 4263 675 4354 potuerit,
733 4271 1095 4354 postquam
1139 4262 1411 4355 Orphei
1471 4264 1784 4334 codicem
1833 4274 2177 4355 repererat
2238 4263 2565 4347 LascariS,

330 4389 546 4458 quem
602 4366 985 4435 Mediolani
1027 4367 1260 4442 sedem
1309 4367 1623 4436 habuisse
1665 4368 1755 4436 ab
1797 4391 1972 4436 anno
2010 4369 2429 4439 cloccecmv
2471 4367 2561 4435 ad

325 4492 589 4539 annum
618 4490 1004 4540 croccccnx
1033 4468 1342 4540 homines
1371 4472 1560 4543 docti
1592 4472 2042 4541 ostenderunt.
