3325 5317
1154 435 1814 503 DISSERTATIO
1869 436 1919 498 Ι.
2521 436 2649 505 185

408 613 534 682 ἕνα
580 607 971 696 §macrino
1001 609 1140 707 τήν
1173 603 1534 706 παροδον)
1572 607 1695 678 sed
1726 606 1928 679 etiam
1957 606 2147 699 quod
2165 653 2188 692 ,
2239 606 2296 674 si
2343 601 2649 698 singulae

405 712 710 798 Furiae,
721 712 873 785 alia
904 724 1064 804 post
1094 713 1334 799 aliani,
1366 711 1733 796 irruerent,
1778 733 2095 783 numerus
2121 730 2376 795 earum,
2425 718 2503 778 ut
2529 712 2649 800 qui

407 815 733 885 continuo
767 825 1172 908 augeretur,
1219 815 1439 889 multo
1477 816 1696 887 maior
1723 814 1937 885 videri
1956 815 2298 899 debebat,
2347 834 2557 902 quam
2594 814 2650 882 si
2789 814 2799 835 ¹

405 917 772 993 ordinibus.
785 918 1149 1013 dispositae
1174 920 1372 995 simul
1397 941 1630 991 omnes
1666 927 2073 1039 conspectae
2092 918 2404 999 fuissent.
2504 916 2647 989 Sed

403 1022 554 1111 quis
578 1021 858 1097 credat
839 1042 908 1093 ιιι
936 1045 1018 1093 ea
1044 1047 1120 1095 re
1146 1032 1405 1109 tantam
1444 1022 1744 1113 potuisse
1773 1022 1910 1091 vim
1938 1020 2029 1090 ad
2053 1031 2383 1115 terrorem
2414 1023 2649 1104 inesse,

404 1125 461 1192 si
507 1125 757 1195 Furiae
771 1174 794 1211 ,
822 1149 1059 1215 ·quum
1101 1127 1240 1195 iam
1287 1135 1441 1194 ante
1474 1147 1707 1196 coram
1737 1124 2226 1216 spectatoribus
2255 1115 2487 1194 omnes
2519 1147 2649 1217 ap-

404 1228 809 1318 paruissent,
827 1264 834 1271 ·
852 1230 929 1297 in
949 1228 1254 1300 secundo
1281 1229 1560 1298 demum
1589 1238 1745 1298 actu
1772 1229 1868 1297 ita
1887 1229 2160 1298 fuissent
2185 1226 2654 1298 introductae?

406 1332 630 1400 Immo
674 1332 772 1403 sic
814 1332 1092 1402 demum
1139 1332 1428 1425 percelli
1473 1342 1542 1400 et
1582 1331 1873 1401 honore
1922 1332 2196 1423 impleri
2238 1340 2654 1423 spectatores

404 1443 773 1527 potuerunt
786 1482 809 1521 ,
878 1436 931 1504 si
974 1438 1232 1528 primus
1268 1436 1624 1509 Furiarum
1681 1435 2013 1528 ingressus
2067 1437 2162 1507 ita
2202 1435 2652 1526 tumultuosus

406 1536 555 1609 fuit.
658 1538 890 1624 Quare
907 1587 928 1624 ,
996 1541 1122 1610 etsi
1160 1540 1373 1609 nolim
1423 1538 1866 1624 contendere,
1915 1561 2054 1607 non
2095 1540 2341 1608 iterum
2393 1539 2489 1609 sic
2537 1559 2652 1606 eas

404 1640 760 1733 prodiisse,
809 1642 985 1711 illud
1015 1653 1241 1713 tamen
1264 1652 1583 1735 apertum
1601 1665 1746 1713 esse
1773 1641 2084 1727 arbitror,
2138 1663 2384 1733 neque,
2432 1642 2653 1731 quan-

402 1753 552 1813 tum
583 1745 842 1836 primus
873 1745 1235 1839 adspectus
1265 1750 1557 1832 valeret,
1608 1747 1856 1839 fugere
1884 1745 2302 1836 Aeschylum
2330 1744 2655 1837 potuisse,

407 1870 536 1918 nec
578 1848 1026 1919 narrationem
1077 1851 1274 1919 istam
1331 1850 1421 1920 de
1461 1849 1673 1918 nimio
1728 1858 2182 1942 spectatorum
2224 1857 2483 1918 terrore
2517 1869 2656 1940 po-

406 1951 604 2023 tuisse
649 1951 850 2038 oriri,
898 1953 1024 2022 nisi
1063 1953 1119 2023 si
1156 1955 1408 2044 prima
1418 1975 1537 2023 eos
1559 1952 1980 2031 Furiarum
1960 1954 2289 2046 ingressio
2331 1953 2429 2021 ita
2459 1963 2654 2022 cein-

404 2056 636 2123 movit.
739 2055 883 2125 Sed
915 2056 1081 2129 licet
1104 2059 1307 2127 etiam
1333 2057 1513 2125 ultra
1539 2057 1991 2148 suspicionem
2022 2055 2374 2150 progredi.
2473 2057 2655 2149 Nam

407 2180 628 2247 neque
675 2156 874 2230 chori
917 2181 1225 2246 carmen,
1289 2160 1483 2251 quod
1526 2168 1625 2228 est
1673 2183 1716 2229 a
1759 2182 1823 2229 v.
1865 2158 2039 2228 143.
2087 2182 2300 2249 nsque
2341 2158 2430 2227 ad
2476 2140 2650 2231 17'8.

407 2284 630 2351 neque
672 2261 864 2351 quod
903 2273 1008 2333 est
1038 2287 1164 2332 n-..v
1196 2258 1373 2338 254.
1411 2262 1500 2334 ad
1528 2258 1706 2336 2⁴65.
1739 2262 2041 2355 paredus
2079 2262 2277 2334 chori
2306 2272 2430 2353 est,
2475 2268 2654 2351 quae

409 2363 691 2434 demam
714 2388 779 2434 v.
808 2364 983 2434 322.
1028 2368 1295 2459 incipit.
1344 2367 1419 2436 id
1448 2367 1638 2478 quod
1676 2376 1759 2436 et-
1773 2366 1989 2436 oratio
2016 2366 2348 2451 ostendit,
2399 2374 2469 2434 et
2498 2365 2745 2436 cla-14

393 2468 550 2541 ‚rins
569 2469 782 2545 etiam
807 2478 1034 2541 metra
1072 2471 1325 2542 «locent
1339 2518 1362 2557 ,
1411 2472 1705 2561 qnorum
1744 2469 1926 2540 haec
1954 2479 2053 2540 est
2090 2468 2519 2562 compositio,
2576 2477 2657 2537 nt

407 2593 544 2641 non
569 2595 718 2643 esse
745 2575 838 2642 ab
862 2574 1172 2649 universo
1202 2573 1421 2644 choro
1449 2582 1720 2647 cantata
1761 2583 2122 2679 appareat.
2170 2572 2293 2642 sed
2318 2572 2460 2644 hoc
2485 2568 2654 2643 alius

410 2684 509 2747 est
534 2675 1027 2799 disputationis.
1131 2678 1567 2749 consistam
1546 2699 1619 2749 ιιι
1660 2662 1964 2747 oratione
1979 2729 2001 2768 ,
2050 2696 2229 2767 quae
2265 2676 2335 2745 in
2364 2684 2654 2765 utroque

411 2780 739 2879 carmine,
790 2782 1083 2853 maxime
1128 2791 1356 2855 autem
1395 2781 1467 2850 in
1506 2780 1740 2875 priore
1754 2830 1775 2867 ,
1827 2780 2110 2902 egregie
2152 2780 2508 2857 confirmat
2549 2802 2653 2863 ea,

411 2903 587 2973 quae
625 2882 1018 2957 scholiastes
1064 2885 1156 2954 ad
1213 2909 1277 2956 v.
1338 2884 1511 2954 140.
1558 2884 1935 2957 adnotavit.
1956 2878 2404 3007 ἀναστήσει
2428 2872 2656 2963 αὐτοῖς

414 2982 546 3060 ov’x
623 2980 958 3084 ἀθρόως,
1045 2980 1506 3083 μιμούμενος
1557 2985 2021 3111 ἐμφαντικως
2070 2978 2209 3110 τήν
2265 2977 2655 3107 ἀλήθειαν,

367 3083 577 3166 zai).
631 3088 990 3187 σγείρεταί
1026 3117 1163 3173 τις
1174 3117 1467 3188 vrowa-92,
1528 3119 1702 3172 were
1752 3118 1858 3189 μη
1905 3082 2197 3188 ἁθρόως
2247 3083 2384 3165 τόν
2431 3111 2655 3186 κῦρον
2745 3128 2751 3133 ·

409 3191 901 3297 φθέγξασθαι.
966 3193 1178 3275 Aliud
1209 3193 1489 3285 quidem
1517 3184 1685 3264 huic
1707 3191 2225 3285 quodammodo
2265 3214 2658 3289 repugnans

387 3274 720 3376 ,scholion
761 3296 854 3364 ad
911 3318 973 3367 v.
1023 3295 1196 3367 144.
1244 3297 1663 3391 adscriptum
1711 3307 1812 3368 est
1826 3346 1849 3383 ,
1898 3297 2070 3366 alius
2117 3296 2399 3369 fortasse
2443 3296 2645 3386 inter-

395 3400 651 3491 protis.
699 3399 1164 3494 κομματικῶς
1206 3404 1516 3476 ἕκαστον
1555 3428 1698 3475 κατ’
1766 3398 1960 3476 ἰδίαν
2005 3397 2520 3496 nocerem-dor·
2550 3402 2668 3471 αἶ’

315 3576 323 3585 ,
409 3527 552 3598 γαρ
598 3502 943 3577 διακοπαὶ
987 3497 1390 3601 πρόςφορσι
1436 3508 1593 3589 τοῖς
1624 3497 1966 3583 πάθεσιν
2069 3500 2214 3570 Sed
2255 3502 2399 3576 hoc
2442 3493 2653 3568 inter-

343 3686 348 3699 *
408 3613 604 3697 prete
620 3653 642 3692 ,
724 3606 844 3674 etsi
908 3628 1047 3674 non
1104 3606 1639 3693 contemnendo,
1714 3628 1929 3696 quum
1986 3603 2271 3674 meliora
2318 3624 2442 3671 nos
2502 3588 2653 3694 ipse

409 3718 617 3799 poeta
658 3707 940 3795 doceat,
1004 3709 1210 3780 facile
1246 3710 1640 3781 carebimus.
1744 3708 2007 3777 Totum
2047 3705 2225 3774 enim
2246 3703 2447 3773 istud
2497 3727 2653 3777 car-

408 3834 569 3880 men
611 3836 671 3879 a.
715 3835 779 3880 v.
827 3811 997 3880 140.
1052 3812 1144 3882 ad
1188 3836 1251 3883 v.
1308 3810 1481 3882 178.
1490 3848 1495 3853 ·
1518 3822 1671 3881 tam
1706 3811 1905 3890 omni
1953 3809 2427 3885 sententiarum
2475 3831 2655 3885 nexu

412 3915 804 3987 destitutum
848 3926 978 4003 est,
1040 3927 1315 4007 tamque
1351 3917 1594 3986 multas
1636 3917 1963 4001 continet
1978 3912 2280 3993 eiusdem
2318 3911 2420 3996 rei
2459 3914 2653 3985 aliter

411 4029 613 4109 atque
657 4019 852 4088 aliter
889 4043 1240 4141 expressae
1279 4021 1706 4111 repetitiones
1719 4067 1742 4106 ,
1791 4027 1871 4087 ut
1915 4040 2053 4085 non
2094 4017 2400 4087 videatur
2447 4016 2652 4085 dubi-

410 4124 539 4213 tari
571 4146 807 4214 posse,
858 4124 1055 4213 quin,
1107 4112 1298 4215 quod
1332 4124 1495 4192 alibi
1522 4144 1830 4213 quoque,
1885 4120 2133 4190 eodem
2162 4120 2414 4191 indicio
2442 4118 2656 4204 ducti,

411 4226 669 4295 factum
694 4227 1281 4297 animadvertimus
1295 4276 1316 4313 ,
1367 4249 1505 4296 non
1527 4226 1869 4296 universus
1893 4223 2141 4295 chorus
2156 4273 2177 4310 ,
2228 4234 2344 4294 aut
2379 4245 2511 4313 pro
2563 4244 2649 4289 eo

415 4330 840 4422 coryphaeus
858 4380 880 4416 ‚
929 4331 1059 4408 sed,
1090 4332 1393 4424 singulae
1423 4353 1758 4423 personae
1799 4331 2179 4420 loquantur.
2281 4328 2426 4395 Has
2470 4323 2649 4393 enim

420 4434 740 4530 deinceps
778 4436 1178 4508 accedentes
1215 4436 1733 4529 neque-mirum?
1750 4444 1857 4506 est
1888 4435 1958 4504 in
2001 4434 2154 4526 pari
2189 4428 2652 4521 indignatione
