3325 5317
702 471 835 535 264
915 466 1020 529 DE
1059 469 1133 528 R.
1170 467 1556 530 BENTLEIO
1592 467 1932 544 EIVSQVE
1969 465 2341 529 EDITIONE
2383 466 2746 530 TERENTJI

708 640 798 710 de
828 638 1143 710 Bentleio
1176 638 1516 727 disseruit,
1566 639 1776 724 illud,
1829 638 2018 729 quod
2051 639 2119 707 in
2149 640 2382 733 primis
2422 663 2464 707 a
2497 639 2615 708 tali
2644 640 2790 707 viro
2820 661 2944 709 ex-

705 744 1168 836 spectabatur,
1217 764 1355 812 non
1403 743 1642 814 fecisse
1658 791 1681 827 ,
1730 750 1805 810 ιιι
1845 742 2013 832 quid
2057 743 2534 811 laudandum
2515 767 2587 811 ιιι
2624 744 2971 821 Bentleio
3044 791 3053 807 .

706 857 909 937 atque
961 845 1356 915 imitandum
1369 894 1391 932 ,
1467 845 1635 936 quid
1701 855 1930 914 autem
1984 844 2627 966 reprehendendum
2705 856 2776 915 et
2837 846 2943 914 vi-

703 950 984 1020 taudum
1056 958 1259 1036 esset,
1342 949 1747 1018 ostenderet.
1863 950 1959 1019 Et
2028 972 2331 1039 quamvis
2394 959 2636 1041 putem
2681 971 2945 1020 caussas

704 1054 900 1122 illum
935 1050 1264 1141 quasdam
1295 1050 1612 1122 habuisse
1628 1105 1649 1141 ,
1702 1075 1912 1142 quare
1966 1051 2146 1122 haec
2210 1075 2348 1120 non
2393 1054 2786 1146 attingeret,
2835 1061 2944 1120 ta-

706 1180 862 1226 men
921 1154 1113 1245 quod
1174 1180 1246 1247 p.
1307 1154 1464 1224 54.
1506 1156 1595 1225 de
1653 1156 1958 1226 Terentii
2033 1156 2330 1225 editione
2405 1155 2732 1227 iudicium
2806 1177 2944 1248 po-

704 1261 864 1345 suit,
931 1258 1257 1328 eiusmodi
1302 1269 1433 1345 est,
1499 1269 1575 1328 ut
1628 1269 1815 1328 tanto
1861 1260 2078 1351 magis
2093 1308 2115 1344 ,
2146 1276 2155 1281 ·
2182 1258 2348 1349 quid
2397 1257 2569 1328 mihi
2619 1259 2944 1344 videatur,

704 1362 1075 1433 dicendum
1105 1362 1376 1448 ducam,
1427 1385 1564 1453 quo
1596 1364 1815 1434 maior
1834 1363 2035 1432 huius
2068 1363 2194 1432 viri
2216 1362 2407 1456 apud
2436 1385 2671 1431 omnes
2707 1371 2945 1432 aucto-

702 1469 863 1535 ritas
918 1475 1036 1536 est.
1139 1467 1261 1536 Ait
1312 1475 1538 1535 autem
1608 1467 1810 1536 etiam
1866 1468 1938 1536 in
1991 1466 2190 1535 huius
2249 1466 2592 1558 scriptoris
2653 1466 2947 1548 editione

707 1569 1097 1640 Bentleium
1138 1569 1393 1658 aliquot
1431 1567 1724 1638 audaces
1769 1580 1838 1639 et
1873 1569 2257 1642 temerarias
2301 1570 2715 1641 coniecturas
2756 1592 2948 1638 more

575 1701 580 1716 ·
653 1675 832 1743 4illo
876 1696 1120 1766 parum
1160 1696 1319 1741 sane
1367 1672 1714 1742 laudando
1744 1676 1816 1741 in
1854 1682 2108 1742 textum
2149 1673 2476 1760 intulisse,
2526 1672 2649 1744 sed
2692 1682 2940 1758 tamen,

703 1778 824 1867 qui
903 1775 1196 1868 posthac
1276 1774 1367 1843 ad
1431 1776 1736 1843 Terentii
1798 1776 2340 1845 emendationem
2400 1776 2733 1847 accessuri
2797 1776 2944 1863 sint,

702 1881 918 1950 multo
977 1878 1307 1970 pauciora
1361 1877 1741 1947 inventuros
1806 1902 1950 1949 esse
1964 1932 1985 1967 ‚
2072 1903 2249 1969 quae
2306 1879 2583 1949 reiicere
2630 1880 2946 1964 debeant,
3006 1945 3013 1952 ι

702 2005 912 2073 quam
954 1982 1024 2050 in
1051 1981 1195 2050 ullo
1245 1980 1419 2067 alio,
1469 2005 1676 2072 quem
1707 1982 1825 2052 ille
1851 1982 2139 2052 ediderit
2156 2032 2177 2069 ,
2228 1984 2576 2073 scriptore.
2679 1983 2946 2053 Ducem

703 2096 774 2155 et
809 2095 1157 2156 auctorem
1191 2084 1391 2153 huius
1437 2086 1797 2156 sententiae
1812 2134 1833 2172 ,
1897 2095 1972 2155 ut
2013 2087 2287 2178 opinor,
2339 2087 2584 2156 habuit
2618 2086 2722 2154 vir
2760 2108 2946 2156 sum·
2981 2176 2985 2180 “

703 2213 851 2258 mus
880 2189 1230 2274 Reizium,
1280 2212 1488 2278 quem
1527 2213 1736 2282 saepe
1773 2190 2048 2258 memini
2092 2191 2354 2276 dicere,
2410 2189 2628 2259 multo
2672 2191 2947 2279 aequius

702 2294 881 2362 viros
925 2292 1183 2380 doctos·
1211 2292 1304 2361 de
1342 2293 1668 2362 Terentio
1717 2293 2009 2362 Bentleii
2050 2292 2460 2364 iudicaturos
2493 2316 2670 2379 esse,
2720 2293 2774 2360 si
2803 2293 2947 2378 ille,

704 2420 873 2487 quas
898 2397 1063 2468 fecit
1096 2396 1563 2466 adnotationes
1591 2396 1683 2465 ad
1714 2393 1870 2465 eum
1894 2396 2291 2487 scriptorem
2307 2445 2328 2482 ,
2382 2395 2625 2466 eadem
2658 2418 2821 2466 cura
2864 2417 2949 2465 ac

705 2500 1058 2594 diligentia
1073 2548 1094 2585 ,
1162 2522 1300 2590 qua
1351 2499 1443 2568 ad
1495 2499 1860 2570 Horatium
1873 2548 1894 2586 ‚
1958 2499 2471 2593 perscripsisset.
2586 2500 2749 2592 Ego
2794 2498 2949 2589 qui-

596 2601 606 2612 '
705 2603 869 2673 dem
913 2604 1109 2672 aliter
1152 2605 1404 2700 sentio,
1472 2614 1575 2689 et,
1640 2604 1803 2674 licet
1857 2627 2224 2694 numquam
2265 2626 2404 2672 non
2449 2603 2745 2673 dicturus
2803 2603 2946 2689 sim,

689 2706 897 2797 quod
930 2729 1198 2797 semper
1231 2707 1578 2799 professus
1607 2731 1755 2777 sum
1773 2755 1794 2792 ,
1845 2709 2118 2777 unicum
2149 2706 2453 2776 Terentii
2482 2707 2950 2799 sospitatorem

706 2833 853 2880 esse
896 2809 1319 2900 Bentleium,
1385 2820 1612 2880 tamen
1647 2812 1759 2886 vix
1798 2832 2051 2920 paucas
2089 2812 2159 2879 in
2195 2820 2348 2879 toto
2399 2832 2484 2879 eo
2525 2810 2705 2878 libro
2744 2810 2950 2903 pagi-
2980 2885 2987 2888 ‚

705 2936 828 2983 nas
870 2935 1013 2982 esse
1037 2914 1357 3000 arbitror,
1408 2915 1478 2982 in
1512 2916 1755 3005 quibus
1784 2936 1922 2983 non
1964 2913 2331 2983 inveniatur
2346 2962 2368 3000 ,
2419 2913 2610 3004 quod
2656 2923 2774 2981 aut
2813 2935 2949 2981 non

705 3016 861 3086 satis
904 3027 1092 3087 recte
1107 3065 1129 3101 ‚
1215 3027 1331 3086 aut
1372 3017 1588 3087 minus
1617 3017 2035 3090 considerate
2079 3018 2338 3087 dictum
2384 3018 2485 3086 sit.
2588 3016 2790 3103 Quae
2844 3026 2948 3085 ta-

708 3142 870 3189 men
910 3142 1020 3190 res
1060 3118 1260 3188 etiam
1289 3141 1543 3213 augere
1572 3123 1781 3193 debet
1806 3097 2328 3191 admirationem
2348 3121 2471 3191 viri
2487 3168 2509 3206 ‚
2560 3120 2680 3210 qui
2707 3127 2948 3211 quam-‘-

668 3221 809 3312 svis
861 3224 935 3292 in
993 3230 1177 3290 tanta
1222 3245 1525 3293 errorum
1581 3227 1787 3318 copia
1832 3227 2215 3295 immortale
2263 3249 2346 3296 ac
2391 3225 2596 3317 plane
2651 3223 2950 3293 divinum

708 3349 885 3420 opus
932 3324 1332 3398 condiderit.
1458 3329 1603 3399 Sed
1656 3330 2049 3421 priusquam
2109 3329 2433 3420 exemplis
2448 3376 2470 3414 ,
2549 3350 2728 3417 quae
2786 3328 2948 3412 dixi,

706 3431 1189 3524 comprobem,
1238 3430 1473 3523 paucis
1520 3430 1610 3502 de
1653 3433 1941 3525 ingenio·
1967 3432 2092 3500 viri
2125 3431 2658 3524 dicendumsest,
2709 3438 2786 3499 ut
2818 3433 2949 3522 ap'-

705 3545 948 3628 pareat
963 3584 985 3622 ,
1034 3534 1387 3624 quomodo
1418 3558 1722 3608 summae
1750 3537 1891 3609 eius
1914 3536 2188 3609 virtutes
2215 3558 2420 3633 saepe
2444 3555 2583 3605 non
2606 3535 2950 3629 potuerint

709 3662 846 3738 non
874 3639 945 3711 iu
980 3638 1217 3712 vitium
1252 3648 1534 3711 vertere.
2517 3665 2524 3680 ·
2874 3667 2879 3676 ·

912 3846 1084 3915 Erat
1121 3848 1472 3934 Bentleius
1489 3849 1608 3930 ,vir
1642 3847 1940 3918 infinitae
1980 3847 2363 3935 doctrinae,
2406 3846 2764 3918 acutissimi
2799 3868 2952 3916 sen-

710 3969 817 4017 sus
832 3994 856 4033 ‚
908 3951 1226 4048 ⁴acerrimi
1271 3954 1522 4025 iudicii.
1634 3956 1730 4023 Et
1771 3952 1878 4021 his
1920 3953 2133 4021 tribus
2175 3953 2377 4020 rebus
2421 3950 2635 4019 omnis
2679 3950 2828 4018 laus
2887 3958 2954 4018 et

669 4071 674 4076 ’
708 4051 915 4121 virtus
978 4054 1354 4125 continetur
1409 4057 1637 4128 critici.
1757 4057 1866 4125 Ex
1920 4056 2160 4145 quibus
2218 4055 2493 4126 scientia
2547 4052 2954 4144 antiquitatis

708 4154 956 4223 idonea
1006 4156 1243 4226 ordine
1292 4160 1590 4254 primum
1632 4169 1822 4229 tenet
1862 4158 2094 4230 locum
2111 4207 2133 4245 ,
2209 4168 2286 4228 ut
2340 4183 2516 4249 quae
2568 4168 2638 4227 et
2691 4178 2954 4227 sensum

595 4341 600 4346 ¹
710 4258 959 4330 nutriat
1005 4267 1210 4349 atque
1259 4264 1526 4333 excolat
1543 4313 1564 4349 ,
1620 4262 1975 4333 et¹iudicio
2018 4264 2369 4332 materiam
2412 4262 2741 4354 praebeat
2772 4259 2954 4329 iudi-

712 4362 937 4439 candi.
1001 4363 1154 4432 ‚Ad
1203 4387 1356 4435 eam
1400 4391 1623 4437 sensus
1674 4365 1960 4439 accedat
2017 4389 2291 4436 necesse
2336 4375 2439 4435 est
2456 4412 2478 4449 ,
2542 4364 2663 4454 qui
2699 4363 2957 4455 positus

715 4478 816 4538 est
864 4491 940 4577 μι
1002 4470 1285 4539 naturali
1349 4470 1647 4563 quadam
1692 4470 2021 4543 facultate
2076 4470 2298 4541 statim
2366 4465 2965 4572 animadvertendi,
