3325 5317
1120 473 1826 539 .1›1ssERrArso.
2466 476 2627 576 ἢπου

582 671 720 718 mm
764 649 872 718 ita
919 649 1247 720 dissimili
1282 654 1444 719 sunt
1482 654 1952 740 argumento,
2018 654 2086 716 et
2127 656 2366 718 tamen

581 754 911 823 dissimili
957 754 1277 824 oratione
1316 759 1477 822 sunt
1501 750 1770 845 sactae
1821 774 1914 820 ao
1957 752 2140 820 stilo.

376 907 457 976 In
510 898 698 975 libris
742 916 842 976 est
893 906 1027 977 sed
1069 914 1348 993 tamen,
1381 901 1387 912 ’
1417 904 1607 994 quod
1668 927 1880 993 quum
1925 914 2143 972 metro
2191 913 2627 995 repugnaret,

378 1011 879 1080 emendandum
917 1010 1155 1095 fuisse,
1215 1031 1354 1076 non
1385 1018 1482 1076 est
1520 1010 1822 1076 dubium.
1928 1007 2161 1075 Posuit
2190 1030 2359 1098 ergo
2403 1015 2470 1075 et
2508 1015 2627 1075 ta-
2736 1021 2743 1026 ’

375 1137 571 1200 men,
661 1114 850 1203 quod
903 1115 1113 1182 tribus
1172 1113 1526 1180 confirmat
1588 1111 2018 1204 argumentis,
2135 1112 2398 1178 Eorum
2466 1111 2628 1179 ulti-
2714 1139 2719 1142 ·

374 1242 565 1286 mum
607 1227 841 1309 aperte
891 1217 1189 1309 argutius
1240 1238 1445 1304 quam
1498 1216 1717 1283 verius
1764 1224 1885 1287 est.
1982 1215 2167 1281 'Nam
2217 1236 2423 1303 quum
2477 1213 2629 1282 Do-

377 1332 571 1389 natus
617 1322 903 1407 scribat,
971 1320 1103 1390 sed
1147 1326 1427 1403 tamen,
1501 1311 2013 1391 ἀνακόλουθον
2064 1324 2210 1384 estz·
2246 1340 2399 1385 mon
2444 1318 2630 1385 enim

374 1447 604 1518 supra
635 1425 876 1518 posuit
930 1421 1277 1519 Quidem,
1330 1424 1580 1513 probat
1607 1418 1785 1505 hoo,
1834 1419 2349 1509 contenditque,
2401 1421 2455 1488 si
2497 1420 2631 1489 sed
2744 1461 2747 1466 -

373 1536 614 1597 tamen
668 1526 1032 1619 scripsisset
1078 1527 1473 1618 TerentiuS‚
1528 1526 1838 1593 debuisse
1881 1546 2035 1591 eum
2096 1526 2293 1591 etiam
2340 1524 2630 1615 quidem

373 1653 668 1724 ponere3
701 1631 918 1715 nunc,
973 1653 1182 1719 quum
1213 1653 1351 1697 non
1377 1628 1819 1721 praecesserit
1848 1628 2158 1720 quidem,
2200 1619 2627 1717 'consequens

377 1758 559 1820 esse,
631 1744 706 1802 ut
766 1743 834 1803 et
880 1743 1121 1803 tamen
1168 1735 1251 1801 sit
1298 1757 1457 1802 vera
1500 1733 1725 1801 lectio.
1807 1732 1925 1800 At
1979 1730 2161 1799 haee
2209 1730 2625 1808 ratiocinatio

376 1837 730 1906 falsissima
774 1846 893 1907 est.
997 1840 1175 1906 Nam
1216 1839 1270 1905 si
1318 1861 1553 1905 verum
1608 1845 1707 1905 est
1727 1884 1747 1920 ‚
1799 1834 1888 1902 ad
1932 1834 2065 1903 sed
2101 1842 2337 1903 tamen
2358 1834 2627 1923 ‘requiri

377 1942 702 2035 quidem,
767 1942 839 2008 in
883 1952 1109 2030 quam'
1140 1964 1288 2008 rem
1336 1940 1474 2007 duo
1537 1938 1852 2029 exempla
1912 1937 2147 2023 affert,
2215 1938 2387 2006 nihil
2441 1935 2628 2007 aliud

377 2044 695 2115 concludi
733 2054 993 2136 potest,
1066 2066 1307 2132 quam,
1374 2042 1494 2111 ubi
1534 2042 1822 2135 quidem
1870 2040 2075 2126 desit,
2140 2065 2278 2110 non
2327 2043 2628 2133 potuisse
2722 2029 2728 2037 ⁶

376 2148 510 2218 sed
552 2156 794 2216 tamen
850 2146 1022 2226 dici;
1088 2139 1226 2213 rison
1280 2147 1515 2230 etiam,
1583 2134 1963 2228 dicendum·
1998 2144 2200 2214 fuisse
2255 2152 2322 2214 et
2362 2153 2626 2218 tamen.

375 2252 473 2321 At
522 2273 685 2320 vero
726 2251 927 2319 etiam
968 2249 1153 2340 prius
1193 2249 1365 2317 illud
1409 2248 1657 2317 falsum
1718 2270 1898 2333 esse,
1959 2247 2072 2315 vel
2120 2248 2259 2316 sine
2301 2249 2630 2339 exemplis

375 2364 690 2446 apertum
737 2364 855 2421 est.
960 2353 1148 2438 Quid
1206 2361 1436 2420 autem
1486 2351 1539 2420 si
1591 2353 1742 2444 ipse
1787 2351 2155 2420 Terentius
2201 2352 2404 2422 etiam
2461 2353 2681 2421 alibio

376 2460 471 2568 sic
515 2457 864 2549 loquitur?
911 2457 1020 2527 Ac
1053 2456 1219 2527 facit
1264 2456 1333 2523 in
1372 2455 1682 2547 Adelph.
1718 2455 1838 2525 lv.
1894 2453 1991 2541 4,·
2023 2450 2144 2523 15.

582 2612 770 2686 sensi
807 2612 970 2681 ilico
1020 2610 1123 2681 ad
1174 2610 1343 2681 illas
1398 2610 1788 2705 suspicari.-
1853 2610 1986 2679 sed
2033 2632 2149 2680 me
2194 2583 2630 2704 reprehendi

1756 2721 2018 2783 tamen.

369 2868 589 2940 ‘Aliud
617 2878 1086 2963 argumentum
1129 2870 1217 2938 ab
1245 2866 1655 2961 Eugraphio
1691 2868 1883 2960 petit,
1938 2869 2125 2964 apud
2159 2877 2385 2959 quem,
2438 2869 2630 2957 quod

378 2975 529 3065 ipse
580 2975 994 3059 coniecerat,
1062 2982 1131 3042 et
1176 2981 1417 3041 tamen
1468 2972 1794 3063 scriptum
1836 2972 1923 3041 sit
1966 2974 2056 3043 ad
2101 2998 2164 3042 v.
2217 2972 2287 3041 8.
2390 2974 2481 3043 Et
2532 2973 2630 3041 ita

381 3101 540 3146 sane
572 3078 790 3145 edidit
826 3076 1434 3145 Lindenbruchius.
1503 3075 1646 3144 Sed
1675 3076 1882 3145 editio
1913 3076 2517 3160 Westerhoviana,'
2559 3076 2631 3143 in

382 3203 521 3272 qua
567 3205 605 3251 e
653 3179 922 3249 duobus
975 3181 1187 3250 MSS.
1236 3180 1454 3249 editus
1514 3188 1614 3247 est
1654 3169 2133 3274 EugraphiuS,
2212 3180 2345 3250 sed
2388 3187 2629 3248 tamen

377 3283 625 3354 habet:
677 3307 1088 3376 quamquam
1121 3308 1331 3374 quum
1360 3284 1538 3352 haec
1571 3283 1775 3352 valde
1822 3287 2251 3379 negligenter
2299 3284 2482 3354 facta
2525 3285 2629 3368 εἰι,Ἴ

376 3411 517 3457 non
563 3390 855 3458 multum
901 3390 966 3457 ei
1001 3388 1315 3457 tribuam.
1419 3387 1605 3456 Illud
1650 3403 1814 3456 vero
1858 3399 2182 3482 apparet,
2253 3387 2629 3456 admodum

379 3494 604 3560 levem
649 3515 791 3560 esse
850 3501 990 3558 tam
1045 3492 1348 3583 corrupti
1398 3492 1741 3583 scriptoris
1791 3496 2274 3565 auctoritatem.
2376 3490 2629 3576 ‘Itaque

377 3596 648 3665 tertium
680 3594 975 3684 denique
1005 3589 1477 3687 argumentum
1505 3595 1871 3681 videamus,
1919 3596 2110 3687 quod
2142 3594 2629 3685 depromptum

380 3709 478 3769 est
520 3722 603 3769 ex
628 3699 896 3767 duobus
940 3698 1087 3766 aliis
1119 3697 1424 3767 Terentii
1464 3697 1668 3784 looiS‚
1722 3699 1934 3770 Andr.
1977 3700 2031 3767 Ι.
2065 3697 2136 3784 1,
2173 3696 2294 3763 32.

583 3837 837 3907 horam
874 3807 997 3906 ille
1030 3837 1210 3906 nihil
1248 3831 1558 3931 egregie
1588 3845 1894 3930 praeter
1936 3843 2229 3929 caetera

580 3939 953 4011 studebat.-
1006 3949 1075 4011 et
1123 3949 1363 4012 tamen
1414 3941 1653 4011 omnia
1703 3940 1888 4011 haec
1948 3936 2421 4010 mediocriter.

377 4078 473 4147 Et
516 4078 637 4148 IV.
692 4078 777 4165 1,
800 4147 803 4152 ,
829 4076 901 4149 9.

587 4223 657 4286 et
686 4183 967 4303 timent}
1020 4224 1090 4286 et
1119 4224 1360 4286 tamen
1402 4236 1523 4286 res
1550 4216 1825 4309 premit
1851 4216 2243 4309 denegare.
2302 4221 2313 4234 ’

379 4372 470 4440 At
514 4372 680 4462 quid
722 4372 1021 4463 probant
1071 4370 1150 4440 hi
1186 4371 1327 4441 loci
1342 4370 1377 4438 ?
1433 4370 1749 4449 *Inveniri
1793 4378 1864 4440 et
1909 4378 2149 4440 tamen
2165 4396 2189 4440 .-
2266 4368 2436 4440 nihil
2477 4389 2628 4436 am-

373 4476 574 4565 plius.
607 4514 615 4522 ·
680 4475 866 4563 Quin
888 4475 1244 4562 secundus*
1268 4497 1505 4546 eorum
1543 4499 1632 4547 ne
1664 4474 1962 4546 debebat
1997 4474 2277 4566 quidem
2322 4494 2628 4584 comme-
