3325 5317
2567 383 2602 426 ο

684 527 691 536 .
780 476 1251 542 SERMONIS
1300 477 1771 542 Hom-ERICI
1826 478 2606 551 nlsss1.88

364 645 659 738 κάνεον,
711 644 951 775 καλήν
972 679 1059 726 τε
1091 645 1479 751 τράπεζαν,
1531 680 1682 751 παρ
1713 652 1793 728 δὲ
1825 595 2041 737 δέπας
2065 655 2326 747 οἴνοιο,
2376 662 2599 749 πιεῖν,

364 754 488 830 ὅτε
532 748 772 849 θυμος
801 749 1092 848 α’νωγοι.
1196 757 1636 849 Significatur
1672 758 1852 826 enim
1883 759 2214 851 poculum
2254 783 2338 828 ea
2374 770 2604 832 mente

363 858 743 950 appositum
759 907 780 945 ‚
842 868 952 944 ιιι,
1027 860 1303 948 quando
1346 861 1587 946 vellet,
1653 860 1938 930 biberet.
2061 861 2206 931 Sed
2256 863 2327 930 in
2370 864 2638 956 priore-

360 963 514 1030 loco
561 984 737 1050 quae
788 963 1246 1054 praecedunt,
1310 964 1477 1058 πέρι
1516 964 1654 1056 μέν
1703 990 1782 1037 σε
1834 964 1965 1036 τίω
2019 966 2364 1054 Δαναων,
2417 963 2601 1060 ἠμὲν

362 1065 464 1137 ἐνι
501 1067 878 1160 πτολέμῳ,
934 1062 1055 1161 ἠδ’
1103 1071 1180 1139 ἐν
1237 1063 1478 1156 δαίθ’,
1548 1063 1676 1139 ὅτε
1720 1067 1855 1162 πέρ
1908 1095 1994 1139 τε
2041 1061 2425 1200 γερούσιον
2474 1072 2602 1141 αἴ-

360 1178 562 1241 θοπα
624 1165 826 1241 οἶνον
883 1163 1240 1263 Λργείων
1289 1175 1361 1241 οἱ
1418 1168 1714 1265 ἄριστοι
1769 1169 1876 1244 ε’νὶ
1924 1171 2272 1267 κρητῆρσι
2327 1175 2600 1269 κέρων-

280 1305 287 1309 ⁴
362 1298 521 1355 ται,
576 1280 892 1362 apparet,
937 1274 1435 1343 coniunctivum
1469 1272 1766 1358 habere,
1837 1273 1997 1362 quia
2030 1296 2136 1341 res
2181 1296 2319 1342 non
2354 1297 2438 1344 ex
2476 1298 2603 1347 cu·-

358 1374 661 1462 iusquam
716 1375 1131 1467 cogitatione
1173 1399 1495 1467 suspensa
1536 1384 1654 1444 est.
1759 1375 1973 1460 Quod
2015 1377 2070 1444 si
2116 1376 2185 1443 in
2230 1378 2473 1447 eadem
2522 1402 2601 1447 re

359 1500 419 1544 v.
464 1476 637 1545 344.
682 1479 1058 1569 optativum
1101 1479 1440 1564 videmus,
1503 1478 1561 1547 is
1599 1478 1952 1568 quomodo
2008 1479 2446 1570 explicandus
2494 1481 2599 1567 sit,

357 1580 526 1649 infra
595 1580 877 1651 dicetur.
1010 1582 1154 1651 Sed
1209 1582 1602 1654 accuratius
1627 1582 1967 1678 quaedam
2015 1604 2099 1651 ex
2147 1582 2289 1653 hoc
2342 1607 2599 1714 genere

356 1684 885 1754 consideremus,
1010 1684 1148 1755 od.
1210 1713 1272 1759 σ.
1332 1685 1503 1754 14Ί.
1575 1681 1754 1804 μηδ
1830 1679 2250 1766 ἀντιάσειας
2324 1687 2596 1782 ἐκείνῳ,

356 1782 634 1862 ὀππότε
672 1782 1069 1884 νοστήσειε.
1158 1783 1507 1886 Νοστήσῃ
1556 1788 1613 1856 si
1658 1789 1947 1874 diceret,
2025 1811 2169 1857 esse
2223 1789 2599 1859 rediturum

351 1889 662 1981 Vlyssem
703 1891 1061 1962 indicaret:
1118 1915 1296 1964 nunc
1312 1941 1333 1977 ,
1384 1892 1687 1984 optativo
1729 1915 1882 1960 usus
1900 1940 1920 1977 ,
1971 1892 2300 1961 incertum
2337 1894 2587 1980 reddit,
2604 1902 2689 1966 17

352 2016 437 2061 an
484 1996 569 2063 sit
618 1994 984 2066 rediturus.
1049 2005 1124 2064 ut
1165 1997 1218 2064 si
1258 1998 1464 2087 plene
1505 1995 1648 2065 hoc
1694 1997 1860 2064 velis
1903 1996 2309 2087 exprimere,
2363 1996 2599 2067 dicen-

352 2097 516 2165 dum
548 2097 670 2182 sit,
721 2122 932 2191 quum
958 2099 1284 2184 rediet-ia,
1333 2101 1399 2169 εἰ
1432 2098 1717 2171 redibit.
1823 2098 1942 2168 Sic
1974 2125 2047 2172 π.
2094 2096 2266 2168 391.
2311 2128 2387 2191 φ.
2424 2098 2595 2169 161.

350 2199 395 2297 ἦ
426 2203 513 2275 δέ
547 2229 587 2273 κ
651 2203 902 2275 ἔπειτα
933 2196 1275 2296 γήμαιθ’,
1330 2200 1407 2283 ὅς
1439 2222 1573 2275 κεν
1591 2206 1893 2275 πλεῖστα
1928 2195 2186 2296 πόροι,
2240 2202 2362 2273 καὶ
2394 2197 2597 2300 μόρ-

353 2329 560 2395 σιμος
592 2306 822 2379 ἔλθοι.
876 2311 947 2396 β.
993 2301 1166 2373 335.
1229 2332 1302 2378 π.
1337 2303 1510 2374 385.
1562 2305 1755 2377 οἰκία
1802 2300 1881 2378 δ
1926 2300 2108 2377 αὖτε
2136 2330 2408 2377 τουτου
2415 2332 2598 2434 μη-

350 2409 510 2501 τέρι
553 2411 806 2498 δοῖμεν
856 2408 1086 2497 ἔχειν,
1142 2404 1264 2505 ἠδ’
1306 2407 1495 2490 ὅςτις
1532 2404 1802 2481 ὀπυίοι.
1856 2407 2077 2477 Aliter
2115 2432 2177 2478 ο.
2218 2404 2338 2474 20.
2368 2404 2597 2482 οἶσθα

347 2504 528 2605 γάρ,
585 2511 736 2592 οἶος
766 2505 1005 2602 θυμός
1032 2509 1136 2583 ἐνι
1162 2505 1514 2608 στήθεσσι
1554 2504 1923 2603 γυναικός·
1975 2507 2216 2582 κείνου
2246 2504 2599 2603 βούλεται

350 2608 553 2686 οἷκον
602 2607 969 2707 ὀφεᾝλλειν
1033 2611 1110 2694 ὅς
1146 2640 1268 2686 κεν
1317 2609 1601 2686 c’nva'oct
1675 2613 1794 2682 ubi
1840 2634 2052 2702 quum
2095 2610 2187 2680 de
2248 2635 2330 2680 ea
2374 2635 2596 2682 sermo

346 2715 459 2810 sit,
517 2739 695 2806 quae
738 2739 815 2785 re
857 2739 1015 2785 vera
1058 2707 1316 2785 habeat
1355 2718 1703 2799 maritum,
1764 2712 1980 2811 ὀπυίῃ
2014 2717 2338 2806 scriptum
2383 2739 2598 2808 opor-

346 2821 552 2888 tebat-
657 2820 1066 2909 Frequentia
1109 2832 1259 2889 sunt
1304 2820 1497 2905 talia,
1550 2829 1626 2888 ιιι
1670 2819 1751 2886 ll.
1795 2840 1874 2912 ψ.
1910 2791 2083 2887 4¹94.
2136 2846 2256 2890 και
2297 2815 2357 2892 δ’
2402 2820 2595 2909 ἄλλῳ

347 2924 791 3015 νεμεσᾶτον,
850 2921 1004 3004 ὅτις
1041 2917 1360 2996 τοιαῦτα
1404 2951 1510 3044 γε..
1526 2925 1756 3046 ρὲζοιε
1807 2920 1944 2990 Od.
1997 2950 2065 2994 α.
2097 2920 2221 2989 47.
2269 2914 2598 3002 &Nud-

344 3030 558 3099 λοιτο
604 3025 723 3098 καὶ
767 3024 1017 3114 ἄλλος,
1088 3023 1247 3105 ὅτις
1287 3019 1607 3099 τοιαῦτά
1642 3052 1722 3117 γε
1775 3026 1989 3122 ρε’.ζοι
2094 3023 2240 3093 Sed
2287 3025 2377 3092 ad
2417 3026 2595 3095 illud

341 3129 570 3219 primo
628 3129 955 3220 adspectu
1011 3129 1319 3199 nonnihil
1374 3128 1720 3213 offenda3‚
1794 3126 1931 3196 Od.
1992 3135 2045 3213 ζ.
2111 3124 2283 3201 286.
2343 3129 2464 3201 καὶ
2523 3124 2596 3202 δ’

343 3230 526 3329 ἄλλη
563 3233 869 3324 νεμεσῶ,
938 3230 1096 3353 ἥτις
1136 3226 1455 3306 τοιαῦτα
1501 3259 1581 3324 γε
1624 3234 1852 3328 ρι’ζοι,
1908 3226 2032 3328 ἤτ’
2082 3227 2332 3328 οἷέκητι
2368 3231 2598 3326 φίλων

231 3330 238 3338 ’
343 3361 628 3430 πατρος
670 3335 797 3407 καὶ
830 3362 1125 3455 ,um-poc·
1149 3330 1419 3408 εόντων
1448 3329 1757 3430 ἀνδράσι
1800 3332 2182 3430 μίσγηταιε
2234 3357 2392 3402 nam
2419 3358 2595 3424 quae

344 3438 586 3507 addita
613 3448 796 3524 sunt,
847 3439 1020 3506 nihil
1061 3439 1182 3505 niei
1214 3439 1552 3529 explicant
1584 3439 1817 3530 priora
1834 3486 1855 3521 ‚
1902 3448 1977 3504 ιιι
2006 3437 2195 3506 idem
2222 3438 2412 3505 verbi
2439 3459 2598 3505 mo-

341 3542 466 3610 dus
505 3543 812 3611 videatur
840 3542 1264 3611 adhibendus
1306 3543 1530 3614 fuisse.
1633 3541 1869 3609 Nihilo
1912 3540 2128 3608 minus
2155 3541 2380 3608 omnia
2408 3550 2597 3609 recte

338 3646 549 3717 dicta.
652 3647 832 3715 Nam
875 3647 1059 3737 prius
1098 3646 1271 3713 illud
1316 3655 1392 3713 ιιι
1421 3668 1697 3737 prorsus
1724 3646 2052 3713 incertum
2085 3644 2396 3733 ponitur.
2446 3653 2595 3716 tum

339 3750 461 3818 illo
487 3750 757 3842 posito,
808 3751 1107 3839 reliqua,
1160 3760 1235 3818 ιιι
1273 3750 1430 3818 inde
1477 3773 1636 3819 vere
1678 3757 2208 3835 consequamur,
2260 3769 2401 3866 per·
2425 3770 2597 3817 con-

337 3854 717 3925 iunctivum
764 3854 1196 3923 adiiciuntur.
1265 3845 1452 3943 quod
1491 3862 1852 3940 utrumque
1898 3849 2303 3920 Germanice
2352 3849 2447 3919 sic
2484 3852 2593 3919 di-

312 3979 486 4027 cas:
545 3979 746 4025 werm
793 3958 945 4026 eine
987 3959 1127 4026 das
1170 3957 1345 4025 tham
1383 3955 1668 4039 karante,
1721 3953 1870 4022 und
1894 3973 2144 4046 gegen
2176 3953 2317 4022 den
2360 3955 2595 4024 millen

340 4061 480 4131 der
532 4061 826 4153 ihrigen
872 4062 1097 4130 einem
1151 4082 1411 4128 manne
1452 4058 1727 4152 solgte.
1830 4059 2049 4126 Ροιιο
2101 4068 2286 4127 recte
2340 4058 2595 4148 positus

337 4166 686 4257 optativus
719 4165 789 4231 in
830 4155 973 4250 his}
1025 4164 1218 4235 Iliad.
1271 4191 1321 4235 ι.
1370 4162 1540 4230 304.
1587 4163 1719 4235 νῦν
1764 4155 1902 4253 γάρ
1934 4157 2005 4250 χ’
2039 4156 2350 4289 ”Εκτορ’
2379 4166 2592 4247 ἕλοις,

336 4269 495 4343 ἐπεὶ
550 4266 645 4341 οἲν
696 4261 898 4361 μα’λα
941 4296 1064 4341 τοι
1118 4260 1372 4356 σχεδον
1419 4268 1668 4339 ἔλθοι
1707 4291 1773 4336 τ.
1820 4263 1994 4332 206.
2041 4290 2172 4336 νυν
2208 4264 2347 4355 μὲν
2396 4256 2595 4334 ἄνοι’-

335 4399 554 4465 γοιμι
635 4372 1091 4463 πτολεμίζειν
1175 4370 1334 4449 υἷας
1392 4365 1711 4458 Ἀχαιων
1780 4366 2116 4464 νήστιας,
2197 4358 2592 4484 α’κμήνους·

333 4505 499 4568 αμα
550 4471 626 4547 δ’
668 4471 881 4571 ἠελίῳ
935 4467 1335 4547 καταδύντι
1383 4465 1776 4555 τευξεσθαι
1823 4473 2013 4566 μέγα
2060 4462 2359 4562 δόρπον,
2414 4491 2593 4561 επην

437 4570 2211 4648 Hnnm.01›.11.c
