3325 5317
1053 501 1064 510 ·
1119 476 1771 539 mssnnn'rm.
1890 563 1901 568 ¹
2425 482 2558 546 aaa

310 662 540 723 ratum
575 653 1065 724 incrementum
1099 652 1240 721 Nih
1255 698 1276 736 ‚
1359 652 1771 743 copiamque
1811 673 2138 741 aquarum
2188 672 2272 720 ex
2308 651 2561 721 monti-

309 759 481 843 buS,
531 756 651 847 qui
689 756 768 824 iis
805 756 992 849 pleni
1026 757 1186 842 sint,
1251 776 1423 844 quos
1470 754 1842 844 Aeschylus
1877 748 2214 848 Βύβλινα
2256 752 2390 854 ὅρη
2430 777 2560 823 vo-

312 869 430 932 cat
446 909 468 946 ,
546 861 791 929 iterum
839 861 1189 953 profusam
1203 907 1225 945 ,
1291 857 1501 949 idque
1560 857 1812 926 deinde
1868 857 2221 947 quotannis
2277 857 2560 944 factum,

310 962 509 1055 quasi
550 987 679 1056 per
719 965 1099 1056 legitimum
1144 985 1301 1033 cum
1337 962 1783 1032 remotissimo
1814 984 2044 1030 earum
2072 962 2262 1031 fonte
2299 983 2564 1031 connu-

307 1069 507 1137 bium
522 1116 543 1153 ,
596 1068 712 1156 qui
740 1069 832 1136 ob
871 1069 1286 1137 fertilitatem
1303 1113 1325 1150 ,
1374 1089 1579 1155 quam
1604 1065 1808 1134 affert
1822 1114 1843 1151 ,
1895 1066 2137 1134 merito
2173 1087 2293 1133 rex
2318 1067 2566 1158 Aegy-

309 1171 423 1264 pti
460 1171 677 1243 dictus
716 1181 816 1240 est
859 1172 958 1263 ¹0¹).
1058 1170 1327 1241 Eadem
1364 1192 1596 1242 caussa
1638 1170 1844 1239 etiam
1887 1167 2225 1261 Epaphus
2263 1191 2382 1237 rex
2417 1167 2566 1238 'Ae-

310 1276 524 1367 gypti
564 1253 976 1365 perhibitus,
1030 1275 1139 1346 cui
1183 1296 1355 1344 uxor
1397 1274 1750 1368 Μέμφις,
1819 1273 2187 1364 Remeligo
2206 1321 2227 1359 ‚
2290 1273 2592 1365 peperit'
2717 1273 2728 1284 ’

311 1380 533 1447 filiam
575 1371 915 1475 Λιβύην,
1000 1377 1434 1469 Oppletiam,
1502 1375 1693 1465 quod
1751 1399 1972 1445 annua
2013 1376 2175 1445 Nili·
2202 1376 2564 1445 exundatio

311 1482 488 1562 limo
534 1482 761 1549 omnia
775 1531 798 1566 ,
850 1504 1027 1572 quae
1061 1483 1236 1550 infra
1266 1478 1637 1571 Memphin
1677 1488 1828 1549 sunt
1843 1528 1864 1565 ,
1917 1481 2200 1573 oppleta
2244 1478 2565 1548 destituit.

309 1585 501 1656 Vide
553 1584 991 1656 Herodotum
1048 1586 1140 1655 11.
1205 1583 1326 1653 14.
1395 1586 1645 1654 Postea
1719 1606 1969 1654 nomen
2026 1583 2289 1674 Libyae
2363 1582 2566 1651 latius

306 1697 677 1759 extensum.
981 1729 986 1734 -

528 1842 978 1912 Consistamus
1024 1840 1144 1912 hic
1176 1842 1502 1933 paullum.
1604 1841 1784 1910 Nam
1816 1864 2027 1931 quum
2076 1839 2567 1933 apertissimum

316 1948 447 2033 sit,
509 1943 689 2018 haec
737 1948 962 2015 omnia
996 1945 1086 2013 ad
1131 1945 1436 2014 Africam
1473 1945 1813 2036 pertinere
1830 1994 1851 2028 ,
1924 1952 1993 2038 et
2032 1945 2367 2015 Inachum
2407 1945 2570 2012 fon-

314 2060 424 2119 tes
462 2074 606 2120 esse
639 2050 816 2136 Nili,
867 2050 1103 2117 Nilum
1133 2049 1358 2141 ipsum
1392 2057 1617 2116 autem
1647 2045 1778 2140 per
1803 2048 2016 2115 filiam
2047 2048 2287 2118 Inachi
2321 2049 2401 2115 Io
2439 2049 2569 2117 de·-

316 2153 605 2246 signari,
657 2152 1008 2244 quomodo
1042 2175 1198 2221 cum
1245 2149 1362 2218 his'
1396 2150 1571 2220 illud
1614 2151 2156 2237 conciliabimuS,
2207 2151 2398 2240 quod
2449 2174 2571 2220 ea-

318 2257 487 2326 dem
519 2258 599 2324 Io
627 2268 695 2325 et
719 2256 980 2348 Argiva
1020 2257 1108 2324 ab
1154 2255 1464 2323 omnibus
1508 2254 1945 2346 perhibetur,
1999 2264 2066 2322 et
2095 2276 2365 2323 omnem
2398 2276 2571 2346 pro-

314 2360 702 2453 pemodum
734 2361 1092 2452 Europam
1128 2366 1331 2447 atque
1366 2358 1600 2426 Asiam
1645 2381 2043 2452 peragrasse
2079 2358 2324 2450 dicitur
2338 2351 2377 2426 ⁴?
2427 2357 2572 2426 Fa-

317 2465 492 2548 cile,
543 2471 620 2533 ut
664 2462 942 2554 opinor,
994 2462 1049 2531 si
1080 2471 1399 2553 quattuor
1435 2460 1731 2531 diversas
1772 2462 2037 2530 fabulas
2066 2462 2135 2528 in
2164 2484 2366 2529 unam
2400 2483 2572 2533 con-

318 2568 503 2636 fusas
555 2589 697 2635 esse
744 2566 1217 2659 cogitabimus,
1283 2565 1439 2633 Vna
1468 2573 1603 2654 est,
1656 2589 1864 2655 quam
1907 2565 2366 2657 explicuimus,
2436 2563 2572 2633 Se·-

324 2670 593 2754 cunda,
655 2670 728 2736 in
774 2694 910 2759 qua
949 2671 1030 2739 Io
1086 2691 1294 2758 aquas
1342 2668 1613 2760 paludis
1655 2668 2023 2737 Maeotidis
2064 2677 2395 2760 perrupto
2440 2691 2573 2760 ge-

327 2774 516 2842 mino
563 2772 783 2858 freto,
850 2774 969 2843 cui
1003 2774 1270 2863 utrique
1316 2774 1407 2840 ab
1459 2796 1543 2842 ea
1602 2796 1678 2841 re
1726 2773 2026 2864 Bospori
2082 2795 2332 2842 nomen
2393 2771 2575 2840 indi-

325 2887 509 2962 tum,
559 2899 688 2969 per
734 2886 1023 2969 pontum
1060 2878 1466 2946 Euxinum
1445 2900 1519 2945 ιιι
1561 2875 2088 2968 Hellespontum
2121 2877 2434 2969 profusas
2481 2876 2575 2944 si-

326 2980 629 3074 gnificat.
746 2981 982 3050 Tertia
1040 2981 1276 3048 fabula
1340 2989 1409 3049 et
1472 2989 1712 3070 quarta
1766 2981 2181 3074 Argivorum
2247 2981 2577 3073 propriae

326 3086 497 3153 sunt.
599 3085 708 3154 Ac
756 3084 952 3152 tertia
995 3083 1274 3173 quidem
1322 3085 1516 3153 aliter
1562 3084 1651 3151 ab
1697 3084 1837 3151 aliis
1887 3095 2225 3153 narratur:
2291 3110 2355 3154 v.
2388 3085 2574 3152 Pau-

329 3189 585 3256 saniam
636 3186 723 3254 11.
773 3181 863 3273 5,
916 3182 986 3255 5.
1041 3185 1187 3275 16,
1240 3186 1310 3257 1.
1377 3188 1590 3258 schol.
1654 3188 1894 3282 Eurip.
1961 3189 2052 3258 ad
2116 3185 2666 3258 orest.920.11

330 3290 559 3359 1239.
613 3288 722 3358 ed.
758 3290 1133 3378 Matthiae,
1187 3301 1256 3360 et
1287 3292 1642 3386 Hyginum
1668 3287 1809 3360 fab'.
1858 3289 2028 3361 145.
2082 3293 2176 3364 sic
2218 3302 2441 3362 autem
2484 3292 2574 3359 ab

334 3392 805 3489 Apollodoro:
856 3394 1225 3482 Inachum,
1274 3396 1413 3466 sive
1456 3398 1851 3467 Evacunum
1870 3448 1891 3485 ,
1958 3407 2026 3467 et
2068 3397 2403 3484 Μελίαν,
2456 3394 2578 3463 ci-

333 3499 672 3585 curinam,
737 3497 876 3567 sive
915 3498 1238 3597 Mitigam
1282 3501 1512 3586 maliS,
1576 3500 1887 3592 genuisse
1937 3501 2285 3597 Φορωνέα
2315 3508 2383 3567 et
2416 3496 2577 3571 Αἰ·-

333 3603 625 3696 γιαλεά,
694 3593 1067 3670 Feroniam
1133 3612 1201 3671 et
1248 3601 1502 3684 Orum3
1569 3601 1826 3689 Orum,
1911 3605 2050 3671 sine
2101 3603 2326 3670 liberis
2387 3621 2578 3668 mor-

333 3715 560 3791 tuum,
613 3726 860 3775 nomen
896 3707 1234 3796 reliquisse
1269 3707 1749 3797 Peloponneso
1794 3700 2273 3799 Αἰγιάλειαν,
2328 3703 2579 3786 Oram3

333 3808 633 3878 Feronio
676 3832 760 3878 ex
805 3809 1148 3909 Τηλεὸίκῃ
1164 3864 1195 3901 ,
1250 3811 1376 3904 (sic
1419 3811 1597 3880 enim
1625 3809 2087 3902 scribendum)
2139 3808 2184 3876 i.
2223 3833 2281 3877 e.
2315 3809 2579 3879 Procu-

420 4150 481 4226 *)
532 4152 917 4232 Description
951 4152 1391 4233 d’Egypte.111.
1417 4153 1666 4215 Livrais.
1708 4150 1996 4211 Memoire
2037 4171 2142 4211 sur
2185 4152 2245 4212 le
2282 4151 2380 4210 lac
2410 4149 2584 4211 Men-

336 4235 512 4297 zaleh
552 4257 666 4317 par
715 4237 795 4300 Μ.
855 4239 915 4298 le
972 4239 1231 4299 General
1271 4240 1640 4318 Andreossy.
1681 4260 1747 4319 p.
1795 4242 2182 4305 261—278.
2244 4237 2362 4297 Hic
2399 4236 2583 4295 sumit

336 4342 617 4399 magnam
663 4323 1112 4383 multitudinem
1158 4325 1279 4384 Nili
1337 4344 1631 4405 aquarum
1688 4323 2012 4404 aliquando
2075 4322 2152 4382 ad
2208 4321 2582 4383 occidentem

337 4428 450 4489 per
478 4409 703 4489 Libyae
744 4409 979 4471 deserta
1019 4409 1134 4471 sibi
1159 4410 1319 4472 viam
1349 4411 1584 4476 fecisse.
1629 4410 1705 4474 V.
1734 4411 1895 4471 Diar.
1936 4410 2202 4489 Gotting.
2249 4411 2438 4477 1820.
2476 4409 2582 4471 10.

340 4494 477 4559 lun.
502 4496 582 4558 N·
608 4499 711 4563 94.
735 4517 804 4579 Ρ.
833 4499 980 4566 985.
1011 4514 1061 4558 ⁸.
