3325 5317
906 464 1438 533 EPIGHARMI
1499 466 1612 532 ΕΤ
1637 531 1645 539 ,
1671 466 2040 569 ΕἾΜΕΙᾸ.
2465 469 2599 534 m

357 644 479 714 illa
510 643 817 734 Europia
836 690 859 729 ‚
906 641 1262 734 Bugonia,
1322 633 1611 716 Νόστοι
1622 694 1651 730 ,
1705 661 1998 730 quorum
2041 638 2160 728 qui
2193 638 2597 710 mentionem

357 747 523 817 facit
559 745 955 816 scholiastes
984 745 1262 815 Pindari
1291 745 1384 812 ad
1433 737 1785 814 (lh-xm.
1826 743 1948 811 31.
1998 742 2187 834 apud
2228 766 2384 811 eum
2417 745 2598 813 male

356 851 780 944 Eumolpum
833 870 967 942 pro
1020 848 1317 918 Eumelo
1375 848 1709 916 nominari
1762 846 1901 914 iam
1949 846 2295 937 Gry-raldus
2352 848 2600 936 aliique

356 952 703 1035 viderunt3
750 1000 757 1005 -
799 961 945 1021 tum
1027 951 1552 1023 Titanomachia
1569 999 1590 1037 ,
1679 974 1883 1040 quam
1965 948 2356 1018 Athenaeus
2445 951 2601 1025 Vll.

355 1082 429 1150 1)-
457 1056 631 1130 271.
666 1056 772 1124 Ἰ).
819 1056 1103 1126 dubium
1137 1079 1277 1125 esse
1309 1055 1595 1138 indicat,
1646 1064 1870 1123 utrum
1900 1052 2227 1122 Eumelus
2262 1076 2349 1121 an
2376 1053 2603 1123 Arcti-

356 1184 481 1230 nus
520 1160 779 1229 feeerit.
877 1160 1098 1228 Porro
1133 1180 1339 1250 prosa
1384 1158 1692 1226 oratione
1732 1157 2014 1248 scriptus
2037 1156 2234 1225 liber
2267 1157 2359 1226 de
2401 1157 2603 1225 rebus

358 1263 767 1348 Corinthiis,
817 1280 1022 1351 quem
1069 1260 1429 1335 Pomanus
1464 1261 1552 1328 11.
1607 1259 1651 1326 1
1671 1306 1693 1344 ,
1747 1260 1817 1327 1.
1881 1259 2143 1328 dubitat
2191 1283 2276 1327 an
2335 1283 2474 1329 non
2518 1260 2602 1327 sit

354 1367 650 1439 Eumeli.
772 1366 1259 1457 Theogoniam
1293 1360 1586 1434 Hesiodi
1634 1363 1724 1431 ab
1770 1363 2070 1432 Eumelo
2119 1364 2191 1431 in
2224 1365 2601 1431 orationem

356 1484 637 1562 prosam
678 1470 1065 1538 translatam
1114 1488 1262 1537 esse
1296 1468 1401 1535 ait
1438 1466 1754 1537 Clemens
1796 1463 2293 1536 Alexandrinus
2337 1468 2598 1541 Strom.

356 1574 479 1642 VI.
543 1595 617 1664 p.
692 1571 868 1641 689.
942 1575 1034 1642 A.
1103 1571 1223 1662 qui
1278 1592 1436 1640 eum
1498 1592 1657 1640 cum
1717 1571 2035 1639 Acusilao
2088 1559 2430 1639 consociat
2446 1618 2467 1655 ‚
2532 1577 2604 1638 et

356 1674 597 1744 ambos
625 1685 827 1747 vocat
850 1674 1442 1767 historiographos
1459 1721 1480 1759 ,
1533 1681 1609 1742 ut
1645 1673 2028 1742 dubitatum
2073 1674 2192 1759 sit,
2244 1697 2330 1742 an
2375 1672 2602 1741 diver-

357 1798 506 1850 sum
552 1780 640 1847 ab
686 1781 809 1847 fflo
857 1779 1216 1848 Corinthio
1256 1777 1551 1847 Eumelo
1591 1778 1882 1846 voluerit
1917 1777 2224 1869 intelligi.
2331 1778 2601 1846 Salma-

357 1884 490 1951 sius
530 1881 808 1972 quidem
832 1893 1090 1975 ¹aperte
1137 1882 1381 1951 erravit
1395 1929 1417 1966 ‚
1482 1900 1700 1970 quum
1757 1880 1900 1949 hoc
1952 1880 2331 1948 testimonio
2390 1879 2602 1950 fretus

354 1987 714 2078 Bugoniae
758 2008 1008 2054 nomen
1034 1993 1454 2077 'corruptum
1511 2007 1650 2053 esse
1701 2004 1784 2051 ex
1830 1985 2103 2051 nomine
2146 1983 2603 2076 Tkoogoniae

355 2089 721 2159 contendit.
823 2090 970 2156 Iam
1017 2110 1230 2177 quum
1278 2096 1384 2156 tot
1420 2086 1723 2171 diversa,
1789 2095 1897 2176 et,
1964 2096 2039 2155 ut
2093 2086 2361 2156 videtur
2375 2137 2397 2175 ‚
2474 2098 2601 2156 at·-

355 2201 620 2264 otorum
675 2192 876 2261 etiam
925 2183 1345 2261 diversorum
1384 2189 1634 2281 scripta
1684 2135 1976 2258 Eumelo
2015 2190 2441 2277 tribuantur,
2485 2191 2630 2258 fa·-

358 2297 493 2366 oile
531 2295 929 2387 intelligitur
944 2342 967 2381 ‚
1017 2295 1222 2365 valde
1248 2290 1578 2372 incertum
1608 2316 1754 2361 esse
1789 2292 2114 2363 iudicium
2139 2294 2229 2361 de
2264 2293 2597 2363 eiusmodi
2611 2303 2695 2366 18

355 2423 431 2469 re
447 2446 470 2485 ‚
520 2420 698 2488 quae
727 2422 950 2488 neque
995 2400 1067 2467 in
1092 2420 1388 2489 quonam
1416 2398 1696 2465 illorum
1726 2396 2058 2465 librorum
2085 2397 2335 2487 scripta
2371 2397 2602 2484 fuerit,

359 2512 651 2589 constet,
702 2516 924 2594 neque
971 2504 1136 2595 ipsis
1175 2502 1397 2571 verbis
1439 2498 1750 2586 Eumeli,
1815 2500 2120 2590 quisquis
2161 2502 2277 2569 ille
2322 2501 2435 2586 sit,
2484 2524 2602 2569 re-

355 2604 818 2676 feratur.1d
860 2605 1169 2679 videmus
1209 2614 1434 2675 autem
1474 2603 1793 2673 faetum'
1773 2626 1843 2671 m
1885 2604 2024 2672 his
2012 2646 2033 2688 ‚
2085 2626 2263 2693 quae
2312 2605 2602 2674 Tzetzes

359 2718 427 2778 et
451 2709 766 2779 Eudocia
800 2718 868 2778 et
904 2712 1362 2803 fragmentum
1402 2708 1582 2779 illud
1613 2700 2064 2800 Hispanicum
2095 2707 2188 2776 de
2211 2706 2426 2776 Musis
2458 2717 2604 2803 tra-

363 2811 567 2880 dunt.
640 2810 980 2911 Εὔμηλος
1021 2816 1283 2908 μέντοι
1332 2808 1379 2884 o‘
1442 2811 1857 2934 Κορίνθιος
1900 2817 2094 2907 τρεῖς
2153 2810 2371 2910 φησὶν
2412 2808 2604 2884 εἶναι

356 2908 491 2995 τοῖς
568 2912 927 3007 Μούσας,
1037 2916 1456 3010 θυγατέρας
1542 2910 2031 2994 Ἀπόλλωνος
2131 2915 2601 3013 Κηφισσοῦν,

356 3012 896 3108 Απολλωνίδα,
962 3017 1508 3116 Βαρυσθενίὸα
1609 3018 1850 3109 Itaque
1891 3036 2136 3110 parum
2184 3018 2605 3088 considerate
2731 3042 2738 3049 ·

356 3120 804 3190 Ruhnkenius
847 3123 919 3189 in
959 3124 1147 3215 Epp.
1205 3123 1352 3194 crit.
1412 3143 1485 3212 p.
1521 3118 1695 3189 222
1740 3122 2058 3191 waldem
2102 3122 2468 3191 Eumelum
2512 3121 2608 3188 ait

357 3225 714 3317 vulgarem
786 3225 1143 3294 Musarum
1216 3226 1698 3317 genealogiam
1769 3235 2127 3314 sequutum
2206 3249 2352 3296 esse
2414 3223 2605 3319 apud

357 3326 781 3398 Clementem
819 3330 1077 3400 Strom.'
1114 3329 1235 3399 vl.
1275 3350 1348 3421 p.
1384 3328 1559 3397 742.
1601 3326 1811 3421 (621.
1843 3329 1970 3422 D.)

507 3475 1006 3582 Μνημοσύνης
1045 3480 1166 3557 καὶ
1203 3476 1436 3589 Ζηνός
1463 3454 1873 3595 Ὀλυμπῖοου
1906 3483 2111 3574 ἐννέα
2143 3482 2430 3581 κοῦραι.

357 3635 537 3703 Nam
582 3634 767 3703 unde
812 3643 1108 3721 constat,
1161 3635 1480 3704 eumdem
1525 3636 1715 3708 hune
1756 3658 1900 3705 esse
1938 3634 2305 3705 Eumelum
2321 3683 2343 3719 ‚
2393 3656 2605 3724 quum

358 3745 499 3806 tam
526 3737 854 3809 incertum
897 3739 1013 3825 sit,
1065 3760 1242 3828 quae
1282 3740 1579 3832 genuina
1616 3742 1746 3810 sint
1778 3740 2026 3831 scripta
2054 3739 2324 3808 Eumeli
2340 3737 2375 3804 ἓ
2424 3737 2605 3807 Cae-

356 3850 579 3910 terum
611 3844 924 3936 Scaliger
959 3841 1051 3910 ad
1084 3844 1457 3912 Eusebium
1483 3866 1557 3937 p.
1593 3844 1716 3913 71.
1750 3844 2118 3912 memoriae
2148 3864 2375 3912 errore
2420 3842 2607 3919 hunc

359 3968 628 4015 versum
679 3947 775 4015 ita
821 3947 1147 4038 scriptum
1187 3945 1391 4015 affert
1407 3995 1428 4031 ‚
1485 3948 1795 4040 repositis
1811 3999 1832 4035 ‚
1885 3968 2053 4036 quas
2091 3946 2419 4040 genuinas
2460 3970 2607 4017 esse
2639 3936 2644 3943 ’

361 4070 445 4117 ex
471 4050 805 4121 Pausania
849 4050 1231 4143 collegerat
1245 4097 1267 4136 ,
1317 4050 1586 4119 Dorieis
1640 4049 1912 4119 formis:

511 4196 1021 4296 Μναμοσύνας
1065 4203 1190 4303 καὶ
1219 4196 1456 4285 Ζανός
1490 4198 1902 4297 Ὀλυμπίου
1936 4198 2176 4299 οἱγλαοῖ
2207 4204 2446 4279 τέκνα.

428 4412 433 4417 ,
565 4353 787 4447 Igitur
834 4355 1002 4446 qum
1046 4356 1139 4427 de
1196 4357 1408 4429 tribus
1457 4357 1591 4426 iuis
1639 4357 1916 4431 Eumeli
1958 4326 2173 4427 Musis
2218 4364 2604 4440 statuemus,

364 4480 576 4548 quum
617 4481 843 4551 neque
873 4460 1087 4533 verba
1127 4462 1337 4557 ipsi-
1379 4461 1751 4534 habeamus
1765 4510 1789 4555 ‚
1833 4472 1967 4536 neo
1995 4461 2313 4547 sciamus,
2359 4480 2504 4551 quo
2533 4459 2605 4529 in
