3325 5317
579 480 759 545 .92
1336 474 1477 536 DE
1561 474 2237 537 AEscHYLI

673 651 784 718 vix
815 649 904 716 ab
936 646 1226 716 ridiculo
1259 647 1596 717 abfuisset.
1700 648 1891 733 Quos
1922 650 2100 717 enim
2141 647 2534 738 quotidiano
2580 646 2911 739 adspectu

673 751 784 822 vel
807 751 1140 819 familiari
1181 752 1662 820 consuetudine
1698 763 1895 820 notos
1939 751 2267 820 habemns
2283 801 2303 837 ‚
2352 752 2435 836 ii,
2487 751 2911 840 quantumvis

673 855 788 925 vel
816 855 947 922 oris
978 854 1319 923 maiestate
1345 874 1608 946 graveS‚
1656 855 1769 923 vel
1814 878 2082 926 morum
2110 855 2453 925 sanctitate
2492 854 2912 922 venerabiles

676 960 804 1026 sint
817 1006 837 1042 ‚
904 967 1129 1025 tamen
1185 960 1462 1049 poetica
1516 959 1922 1027 sublimitate
1970 960 2182 1039 ornati
2197 1007 2219 1044 ‚
2296 958 2615 1047 quoniam
2668 957 2912 1026 veritas

674 1061 1017 1132 fictionem
1065 1061 1319 1152 arguit,
1371 1070 1626 1130 tantum
1660 1063 1886 1147 abest,
1935 1071 2009 1131 nt
2044 1062 2261 1154 magis
2305 1061 2655 1129 videantur
2688 1061 2911 1128 admi-

675 1163 871 1233 randi
930 1184 1104 1249 esse,
1170 1174 1247 1232 ut
1284 1165 1553 1233 absurdi
1596 1166 1821 1256 potius
1878 1174 1947 1232 et
1989 1165 2261 1234 ridiculi
2308 1164 2491 1233 fiant.
2596 1164 2808 1249 Quod
2853 1163 2912 1231 si

674 1267 859 1336 fictis·
881 1266 1182 1357 personis
1213 1269 1310 1336 uti
1334 1272 1582 1360 po'etae
1608 1270 1710 1337 illi
1739 1270 2131 1353 voluissent,
2180 1291 2317 1336 non
2348 1269 2571 1336 solum
2597 1290 2704 1336 res
2739 1267 2911 1357 ipsa,

675 1380 754 1441 ut
807 1378 1010 1440 notae
1069 1371 1330 1440 veritati
1374 1394 1792 1464 repngnm,
1875 1373 2125 1439 absona
2185 1381 2355 1441 esset
2400 1371 2539 1440 visa
2555 1419 2576 1457 ‚
2645 1369 2765 1438 sed
2823 1390 2914 1436 ne

677 1474 1002 1565 splendor
1057 1475 1336 1562 quidem
1378 1475 1498 1543 ille
1518 1523 1537 1560 ‚
1601 1475 1720 1565 qui
1760 1497 2005 1566 regum
2042 1483 2138 1543 est
2185 1485 2252 1542 et
2293 1474 2624 1558 heroum,
2678 1472 2914 1542 conci-

674 1578 823 1673 liari
853 1579 930 1645 iis
968 1579 1331 1667 potuisset:
1386 1600 1590 1667 quem
1632 1577 1920 1663 Graeci,
1975 1586 2043 1645 et
2083 1586 2267 1646 recte
2317 1577 2595 1667 quidem
2613 1624 2634 1661 ,
2685 1584 2762 1644 nt
2786 1597 2914 1642 ne-

663 1681 1035 1752 cessarium
1077 1682 1147 1748 in
1186 1684 1475 1771 persona
1501 1681 1763 1773 tragica
1797 1682 2242 1771 requirebant.
2345 1682 2441 1749 At
2455 1729 2474 1766 ‚
2529 1680 2718 1749 dicat
2734 1678 2910 1766 quis,

676 1793 752 1852 nt
791 1787 1041 1853 Persae
1081 1784 1552 1854 introducendi
1588 1784 1873 1869 fuerint,
1929 1793 2156 1852 tamen
2194 1785 2265 1850 in
2314 1783 2607 1853 Graecia
2644 1805 2752 1850 res
2798 1778 2919 1871 agi

676 1896 964 1978 poterat.
1065 1886 1423 1955 Fortasse:
1474 1910 1885 1976 quamquam
1932 1910 2018 1955 ne
2063 1886 2205 1955 hoc
2241 1886 2517 1975 quidem
2549 1886 2700 1953 satis
2734 1892 2911 1974 apte.

678 1992 857 2059 Nam
900 2011 1110 2079 quum
1153 1999 1316 2057 nota
1358 2000 1607 2077 essent,
1671 2013 1848 2079 quae
1897 2014 1937 2057 a
1983 1990 2204 2058 Persis
2248 1990 2316 2057 in
2375 1989 2668 2056 Graecia
2723 1995 2916 2078 gesta
2950 2062 2961 2071 ⁶

681 2102 869 2161 erant
885 2142 905 2178 ‚
959 2093 1055 2161 sic
1099 2116 1372 2182 quoque
1415 2093 2053 2162 verisimilitudinem
2087 2093 2385 2161 elusisset
2410 2092 2668 2160 veritas.
2769 2089 2916 2157 De·
2951 2178 2961 2187 ·

629 2197 837 2265 8sinit
882 2197 1061 2264 enim
1102 2197 1455 2265 verisimile
1497 2220 1639 2265 esse
1656 2246 1678 2283 ‚
1751 2195 1941 2286 quod
1991 2219 2097 2265 res
2137 2217 2451 2287 praesens
2491 2194 2738 2276 falsum
2777 2213 2918 2259 esse

678 2301 922 2392 arguit.
1035 2299 1276 2388 Itaque
1344 2302 1684 2391 sapienter
1736 2309 2021 2389 uterque
2090 2308 2298 2390 poeta
2356 2307 2423 2366 et
2495 2319 2735 2367 scenae
2803 2296 2916 2360 lo-

677 2428 851 2475 cum-
886 2428 928 2471 a
973 2402 1267 2475 Graecia
1320 2405 1608 2474 removit
1622 2453 1643 2491 ‚
1726 2412 1795 2472 et
1845 2425 1992 2472 rem
2032 2402 2254 2494 ipsam
2299 2425 2343 2468 a
2385 2400 2602 2469 Persis
2655 2406 2919 2466 tantum

674 2509 828 2599 geri
867 2508 1101 2576 voluit.
1688 2527 1693 2535 ·

888 2611 1032 2679 Sed
1064 2611 1323 2679 duabus
1351 2613 1553 2693 rebus
1585 2611 1993 2702 Aeschylus
2018 2634 2060 2677 a
2093 2608 2490 2698 Phlynicho
2504 2657 2525 2693 ,
2590 2612 2917 2696 quantum

682 2714 964 2804 quidem
991 2712 1191 2781 huius
1219 2715 1521 2782 fabulam
1553 2716 1899 2807 cognitam
1925 2714 2290 2797 habemuS‚
2345 2711 2675 2794 discessit,
2726 2705 2919 2796 quod

682 2839 905 2905 neque
952 2815 1339 2884 eunuchum
1388 2816 1735 2901 adhibuit,
1798 2839 2021 2904 neque
2069 2814 2357 2884 chorum
2411 2837 2494 2882 ex
2537 2809 2921 2881 Phoenissis

682 2918 1070 2988 mulieribus
1084 2968 1103 3005 ‚
1156 2919 1277 2986 sed
1308 2942 1390 2987 ex
1428 2919 1692 2988 senibus
1724 2921 1944 2987 Persis
1975 2918 2371 3008 composuit.
2469 2911 2920 3005 Phrynichus

685 3046 810 3094 cur
840 3024 966 3089 ista
997 3022 1262 3092 faceret
1278 3072 1299 3108 ‚
1350 3021 1629 3090 idoneas
1674 3023 1957 3090 fortasse
1989 3022 2279 3089 rationes
2315 3019 2636 3087 habebat.
2742 3017 2922 3085 Nam

687 3128 811 3196 etsi
847 3125 1264 3194 laudandum
1310 3135 1624 3215 putamus
1650 3125 2087 3215 Aeschylum,
2139 3123 2330 3212 quod
2358 3123 2415 3189 is
2455 3130 2765 3190 neutrum
2808 3117 2921 3185 fe-

684 3229 888 3312 cerit,
948 3238 1176 3296 tamen
1223 3232 1377 3295 'non
1427 3225 1986 3318 reprehendimus
2031 3224 2532 3315 Phrynichum,
2600 3221 2923 3311 quoniam

686 3332 780 3401 de
816 3330 1017 3399 huius
1060 3332 1295 3399 fabula
1341 3332 1627 3400 iudicari
1657 3353 1796 3398 non
1839 3331 2020 3400 licet.
2123 3329 2325 3397 Certe
2357 3326 2742 3397 eunuchum
2781 3345 2924 3390 non

687 3459 830 3506 esse
875 3444 1243 3527 propterea
1284 3436 1371 3502 ab
1413 3433 1760 3524 Aeschylo
1800 3433 2256 3522 improbatum
2273 3480 2292 3517 ‚
2345 3430 2532 3518 quod
2579 3452 2658 3497 ea
2705 3427 2924 3494 minus

686 3561 1066 3630 congruens
1113 3538 1507 3629 tragoediae
1541 3560 1834 3628 persona
1866 3544 2068 3620 esset,
2120 3558 2203 3602 ex
2237 3556 2320 3601 eo
2346 3531 2635 3624 intelligi
2671 3538 2923 3621 potest,
2951 3581 2954 3583 Α

659 3642 880 3732 'quod
923 3645 1070 3733 ipse
1104 3640 1491 3732 Aeschylus
1527 3641 1598 3711 in
1638 3642 2155 3731 Agamemnone
2201 3635 2518 3728 vigilem,
2567 3636 2640 3701 in
2686 3632 2961 3699 Choe-

689 3744 928 3835 phoris
959 3746 1300 3831 ‚nutricem
1319 3794 1339 3830 ,
1416 3744 1796 3812 humilioris
1838 3745 2030 3810 sortis
2081 3762 2434 3831 personas,
2500 3734 2928 3804 introducere
3001 3735 3007 3742 ’

687 3869 829 3916 non
841 3847 1186 3915 dubitavit.
1238 3848 1418 3934 Quin
1455 3846 1800 3916 eunuchus
1828 3847 1942 3913 ille
1955 3832 2326 3933 Phrynichi
2358 3841 2636 3908 fortasse
2663 3860 2750 3904 ne
2781 3844 2930 3904 erat
3040 3908 3051 3915 ,

689 3949 970 4040 quidem
1018 3972 1240 4017 servus
1256 3999 1276 4033 ‚
1357 3951 1480 4019 sed
1533 3973 1810 4018 munere
1860 3949 2089 4036 aliquo
2138 3946 2386 4036 insigni
2442 3941 2627 4033 apud
2687 3961 2929 4031 regem

689 4053 1119 4143 fungebatur.
1222 4053 1332 4122 De
1360 4052 1578 4122 ‘choro
1606 4051 1979 4142 Phrynichi
2024 4059 2250 4117 autem
2287 4070 2374 4114 ne
2413 4068 2543 4136 per
2579 4044 2927 4111 coniectu-

691 4180 839 4243 ram
879 4153 1157 4244 quidem
1207 4156 1529 4225 iudicium
1581 4157 1748 4224 ferri
1790 4162 2046 4247 potest:
2123 4171 2531 4240 quamquam
2571 4145 2742 4212 illud
2787 4165 2929 4211 non

691 4268 795 4332 est
831 4259 1187 4326 obscurum
1206 4306 1226 4342 ‚
1279 4260 1365 4326 ab
1410 4283 1491 4327 ea
1520 4261 1809 4343 ratione,
1861 4279 2068 4347 quam
2100 4252 2480 4340 Aeschylus
2512 4245 2927 4336 sequendam

694 4363 994 4456 putavit,
1043 4360 1251 4428 talem
1296 4360 1585 4430 chorum
1628 4363 1923 4429 alienum
1954 4360 2174 4426 fuisse.
2276 4355 2414 4424 Hic
2454 4353 2634 4420 enim
2662 4348 2930 4440 grande

689 4464 1028 4557 quiddam
1082 4473 1150 4533 et
1201 4463 1599 4536 admirabile
1633 4465 1858 4534 animo
1884 4467 2312 4553 conceperat
2325 4506 2346 4544 ‚
2396 4451 2930 4547 magnitudinem
