3325 5317
950 428 1433 494 THEsAvm
1487 431 2102 526 sTEnAmAifu.
2511 439 2642 505 22⁰

397 601 635 693 paullo
690 603 949 672 maiore
995 603 1067 671 in
1123 605 1345 695 spatio
1394 603 1485 673 ad
1530 604 1718 677 hunc
1766 607 2050 676 modum
2103 606 2413 679 exhibitis
2430 655 2451 692 ,
2504 603 2637 700 (‘).

401 704 541 774 Sed
572 706 725 772 satis
753 706 1008 775 dictum
1036 705 1126 774 de
1153 716 1424 776 externa
1465 711 1696 798 specie
1737 711 1927 795 libri,
1982 710 2071 779 de
2098 734 2236 800 qua
2261 709 2401 780 hoc
2433 732 2665 779 unum.

319 811 328 818 '
399 808 827 896 adiiciemuS,
896 810 1017 876 ubi
1059 810 1363 900 integrae
1406 812 1742 902 paginae,
1821 835 1904 881 ac
1956 815 2175 906 magis
2215 814 2457 897 etiam,
2521 815 2642 886 ubi

396 912 633 1002 plures
664 912 960 1005 paginae
1002 912 1073 978 in
1119 912 1311 980 unius
1359 916 1674 983 vocabuli
1710 916 2229 1005 explicationem
2266 916 2643 1006 insumptae

397 1022 584 1098 sunt,
648 1014 851 1082 valde
892 1014 1402 1084 incommodum
1445 1040 1588 1085 esse
1628 1019 2090 1087 evolventibus
2116 1020 2362 1088 librum
2380 1070 2401 1108 ,
2450 1018 2642 1108 quod

396 1117 467 1184 in
501 1129 765 1185 summo
781 1119 1116 1209 ·margine
1162 1119 1425 1211 primae
1457 1129 1714 1189 tantum
1745 1123 2062 1192 vocabuli
2087 1123 2349 1190 litterae
2379 1121 2643 1212 positae

398 1230 570 1289 sunt.
673 1220 779 1289 Ita
818 1239 1029 1309 quum
1076 1222 1165 1290 de
1202 1223 1477 1290 nomine
1521 1222 1814 1317 ἄγαλμα
1880 1247 2029 1316 a‚p.
2075 1222 2248 1293 181.
2294 1247 2507 1314 usque
2547 1224 2642 1293 ad

393 1346 469 1415 p.
522 1322 693 1395 32⁰.
763 1333 832 1391 et
873 1325 1048 1393 ultra
1114 1324 1489 1417 explicetur
1507 1378 1528 1415 ‚
1606 1327 1884 1418 singulis
1942 1327 2208 1418 paginis
2258 1326 2640 1419 adscriptae

398 1434 555 1495 sunt
608 1428 869 1496 litterae
907 1427 1140 1502 ΑΓΛ
1157 1479 1173 1507 ,
1242 1450 1380 1495 ιιοιι
1416 1430 1632 1497 miuus
1678 1452 1883 1518 quam
1927 1430 2005 1498 iis
2045 1429 2349 1523 paginis,
2396 1431 2640 1519 quibus

397 1531 546 1597 alia
579 1531 668 1598 ab
710 1528 818 1596 his
874 1530 1105 1598 litteris
1162 1530 1552 1623 incipientia
1590 1534 1801 1600 verba
1857 1533 2295 1603 eontinentur.
2408 1532 2639 1602 Multo

393 1633 632 1700 melius
678 1633 907 1701 fuisset
922 1681 945 1718 ,
1010 1643 1086 1701 ut
1125 1655 1250 1701 nos
1299 1635 1577 1723 quidem
1621 1636 2022 1703 arbitramur
2036 1684 2057 1721 ,
2109 1633 2162 1703 si
2199 1636 2465 1728 integra
2505 1657 2641 1704 vox

393 1734 877 1809 APAAMA
922 1737 993 1803 in
1043 1734 1151 1804 his
1208 1740 1479 1832 paginis
1537 1739 1914 1830 legeretur,
1997 1760 2137 1828 quo
2197 1739 2450 1828 statim,
2521 1738 2642 1828 qui

393 1838 653 1927 aliquid
688 1861 1015 1928 quaerere
1042 1839 1316 1933 vellent,
1368 1833 1509 1932 quo
1539 1842 1611 1910 in
1644 1843 1805 1912 loco
1837 1841 2176 1912 Thesauri
2200 1850 2639 1929 versarentur,

393 1942 1015 2011 animadverterent.

597 2147 968 2218 Videamus
1013 2172 1192 2220 nnnc
1238 2147 1329 2218 de
1378 2171 1464 2219 eo
1480 2200 1503 2239 ,
1584 2152 1778 2242 quod
1823 2159 2031 2243 caput
2065 2158 2207 2241 est,
2282 2150 2374 2220 de
2413 2152 2636 2221 incre-

393 2251 629 2320 mentis
669 2252 869 2343 ipsis,
918 2255 1161 2342 quibus
1205 2253 1276 2321 in
1328 2276 1508 2323 nova
1554 2255 1850 2325 editione
1897 2262 2130 2324 auctus
2179 2263 2278 2324 est
2318 2253 2639 2324 Thesau-

392 2359 526 2423 τηε.
629 2356 738 2426 Ac
791 2356 960 2446 quid
1015 2357 1402 2425 faciendum
1445 2359 1584 2428 hac
1632 2360 1704 2426 in
1744 2366 1937 2451 parte
1978 2357 2183 2426 fuerit
2226 2355 2637 2447 Editoribus,

392 2480 532 2526 non
569 2467 795 2548 potest
840 2462 1237 2553 ambiguum
1280 2482 1456 2530 esse.
1506 2462 1945 2531 indicandum
1991 2470 2166 2553 erat,
2237 2461 2552 2552 exempla
2595 2484 2640 2528 a

394 2561 752 2652 Stephano
778 2563 979 2633 citata
1006 2565 1249 2654 quibus
1287 2564 1616 2633 librorum
1654 2565 2024 2657 capitibus,
2075 2561 2375 2657 paginis,
2428 2563 2637 2632 versi-

394 2666 525 2734 bus
570 2674 930 2749 exstarent3
980 2667 1498 2759 corrigendum,
1551 2667 1745 2758 quod
1782 2668 1902 2735 ille
1950 2668 2164 2736 minus
2204 2675 2391 2738 recte
2431 2666 2639 2734 dixis-

397 2779 530 2850 set3
579 2770 1058 2859 explicandum
1086 2771 1356 2839 uberius
1376 2820 1397 2857 ,
1448 2774 1569 2840 ubi
1600 2772 1722 2839 ille
1749 2793 1881 2863 pro
1913 2771 2012 2840 rei
2044 2769 2433 2841 conditione
2464 2770 2637 2838 iusto

396 2873 673 2940 brevior
712 2874 977 2955 fuisset3
1044 2875 1505 2964 supplendum
1523 2924 1544 2961 ,
1609 2874 1945 2965 quidquid
1992 2874 2484 2946 vocabulorum
2525 2872 2639 2941 vel

394 2974 681 3067 fugisset
733 2976 1161 3067 Stephanum
1216 2979 1326 3046 vel
1382 2979 1709 3060 latuisset3
1796 2977 2259 3046 adnotandum
2323 2976 2637 3067 denique,
2750 3025 2756 3030 -

394 3080 515 3168 qui
548 3079 674 3147 viri
718 3079 906 3151 docti
946 3079 1038 3148 de
1084 3080 1461 3171 quibusque
1499 3081 1721 3150 verbis
1767 3081 1889 3151 hic
1931 3081 2069 3151 illic
2104 3080 2637 3172 disputavissent.

395 3182 595 3251 Haec
618 3205 783 3252 vero
814 3185 1042 3251 omnia
1065 3184 1250 3254 facta
1276 3197 1429 3253 sunt
1464 3186 1552 3253 ab
1594 3184 1993 3254 Editoribus
2033 3184 2348 3276 egregie,
2401 3193 2471 3252 et
2520 3183 2637 3266 sic,

394 3293 469 3356 ut
497 3285 839 3355 difficilius
865 3289 1180 3355 omissum
1218 3290 1308 3357 ab
1341 3290 1419 3357 iis
1441 3288 1814 3378 quidquam
1827 3336 1847 3373 ,
1900 3312 2107 3378 quam
2157 3288 2361 3354 allata
2400 3286 2637 3373 multa,

393 3412 574 3478 quae
625 3391 968 3480 potuerint
1028 3391 1277 3481 omitti,
1351 3392 1668 3482 reperias
1787 3392 1874 3460 Id
1952 3389 2145 3480 quod
2223 3390 2337 3457 vel
2403 3409 2487 3457 ex
2547 3408 2634 3456 eo

396 3493 728 3561 aestimari
765 3494 955 3582 licet,
1005 3495 1198 3583 quod
1243 3518 1417 3585 quae
1459 3496 1529 3563 in
1569 3495 1779 3563 veteri
1824 3495 2116 3563 editione
2149 3491 2414 3585 paginis
2457 3489 2631 3563 xxiv

396 3605 467 3664 et
525 3598 767 3665 iterum
840 3596 955 3665 14.
1028 3598 1519 3691 comprehensa
1568 3607 1717 3665 sunt
1734 3645 1757 3684 ,
1817 3597 1937 3668 hic
2000 3596 2287 3748 paginas
2349 3593 2637 3684 implent

393 3708 725 3772 trecentas
772 3708 840 3769 et
882 3701 1142 3794 viginti.

598 3907 787 3975 Raro
801 3959 822 3997 ,
887 3909 1189 3997 quamvis
1231 3907 1302 3975 in
1338 3930 1599 3976 summa
1650 3906 2008 3974 Editorum
2057 3902 2437 3997 diligentia,
2505 3902 2634 3971 ali—-

392 4010 562 4100 quid
608 4012 925 4079 omissum
970 4012 1219 4084 videas,
1324 4012 1441 4080 Sic
1484 4033 1690 4099 quem
1743 4008 2129 4102 Stephanus
2167 4031 2240 4100 p.
2283 4008 2371 4076 vi.
2433 4006 2636 4075 affert

391 4115 716 4183 Prisciani
754 4116 1020 4200 locum,
1075 4115 1198 4183 etsi
1246 4113 1450 4185 facile
1491 4121 1813 4205 apparet,
1862 4134 2000 4180 non
2033 4113 2280 4205 procul
2321 4111 2410 4180 ab
2445 4110 2632 4178 initio

395 4220 623 4307 operis
667 4219 1129 4308 quaerendum
1179 4241 1319 4287 esse
1335 4267 1355 4303 ,
1422 4227 1647 4286 tamen
1704 4239 1843 4285 non
1896 4225 1996 4285 est
2032 4217 2399 4288 indicatum
2441 4213 2632 4281 inve-

395 4322 527 4391 niri
557 4345 629 4411 p.
662 4320 837 4390 540.
881 4321 992 4391 ed.
1031 4321 1309 4391 Putsch.
1358 4360 1465 4373 —-
1524 4321 1607 4389 In
1642 4343 1816 4390 voce
1861 4315 2129 4417 οἷβρός,
2186 4319 2275 4388 de
2319 4340 2457 4408 qua
2505 4337 2632 4385 co-

394 4427 768 4518 piosissime
800 4438 901 4497 est
930 4434 1002 4496 et
1042 4424 1424 4498 doctissime
1455 4425 1897 4518 explicatum,
1944 4445 2083 4495 non
2114 4423 2401 4495 vidimus
2430 4419 2632 4524 citata
