3325 5317
771 458 914 521 224.
1210 452 1640 517 CENSVRA
1692 453 2015 517 NOVAE
2071 456 2559 519 EDITIONIS

774 649 983 699 scere.
1085 625 1183 694 Et
1221 623 1358 695 hac
1396 594 1691 716 quidem·
1720 626 1791 694 in
1830 649 1910 694 re
1947 573 2264 698 Editoroe
2289 629 2652 712 doctissimi
2677 649 2817 699 non
2860 642 3022 701 sunt

772 731 954 824 9³⁸⁸*
985 729 1405 821 diligentiam
1444 751 1633 798 suam
1685 729 2072 800 desiderari.

977 933 1210 1003 Maior
1247 934 1575 1004 dubitatio
1622 935 1714 1004 de
1759 936 2131 1006 ordinanda
2178 946 2380 1026 atque
2422 936 2817 1006 adornanda
2866 947 3014 1006 tam

774 1036 1047 1107 diffusa.
1070 1040 1351 1107 materia
1383 1039 1643 1108 moveri
1684 1050 1971 1131 poterat,
2073 1041 2182 1109 De
2223 1064 2361 1130 qua
2400 1063 2477 1109 re
2514 1043 2813 1109 omnium
2854 1065 3013 1109 ma·-

771 1143 949 1210 xime
993 1143 1354 1231 vellemus,
1417 1143 1736 1211 Editores
1782 1144 2172 1213 sententiam
2211 1167 2401 1212 suam
2442 1167 2599 1214 cum
2641 1145 3008 1213 lectoribus

774 1246 1385 1316 communicassent.
1490 1246 1630 1330 Qui
1676 1246 1846 1315 nihil
1883 1248 2069 1315 aliud
2084 1300 2104 1335 ,
2155 1269 2361 1337 quam
2401 1268 2541 1315 non
2570 1257 2832 1316 mutato
2861 1248 3010 1318 ullo

773 1348 1106 1439 Stephani
1136 1351 1347 1418 verbo
1378 1349 1627 1417 librum
1660 1345 1731 1418 se
1759 1352 1998 1440 paullo
2043 1352 2280 1418 melius
2307 1351 2706 1443 dispositum
2742 1350 3009 1419 exhibi-

774 1460 960 1521 turos
991 1477 1131 1521 esse
1169 1453 1493 1521 dixerunt.
1595 1454 1706 1523 Ac
1739 1455 2176 1522 reverentiam
2215 1454 2496 1544 quidem
2521 1455 2708 1522 illam
2723 1503 2744 1539 ‚
2797 1476 3005 1543 quam

772 1565 959 1623 tanto
998 1557 1144 1625 viro
1180 1555 1437 1624 habent
1453 1603 1474 1640 ‚
1531 1565 1608 1626 ut
1622 1604 1643 1641 ‚
1708 1580 1884 1647 quae
1924 1558 2013 1625 ab
2054 1558 2176 1624 illo
2222 1559 2475 1647 scripta
2513 1559 2643 1625 sint
2658 1609 2679 1646 ,
2744 1568 3008 1625 mutare

771 1661 964 1728 nefas
1018 1660 1304 1744 ducant,
1386 1680 1809 1750 magnopere
1871 1660 2283 1729 laudandam
2305 1661 2312 1666 ’
2338 1659 2685 1751 putamus:
2760 1662 3005 1729 merito

722 1763 958 1831 flenim
984 1762 1162 1840 liber
1183 1763 1302 1830 ille
1338 1769 1407 1829 et
1435 1785 1553 1829 sua
1579 1763 1788 1854 ipsius
1827 1764 2233 1855 praestantia
2270 1774 2337 1832 et
2368 1766 2585 1855 ,longa
2617 1764 2909 1831 duorum
2941 1772 3009 1831 et

773 1865 1109 1932 dimidiati
1151 1865 1402 1935 saeculi
1459 1866 1887 1935 veneratione
1926 1867 2291 1956 quamdam
2349 1867 2538 1956 quasi
2589 1869 3010 1937 sanctitatem

774 1967 1061 2059 adeptus
1092 1979 1209 2037 est.
1312 1969 1540 2044 Tanto
1585 1970 1805 2063 magis
1847 1971 2202 2060 miramur,
2260 1971 2482 2060 quod,
2535 1970 2652 2059 qui
2688 1970 2867 2038 adeo
2897 1992 3008 2037 re-

771 2071 1051 2163 ligiosos
1097 2095 1168 2139 se
1212 2073 1363 2140 fore
1404 2073 1693 2164 professi
1739 2082 1960 2162 erant,
2024 2083 2100 2142 ut
2136 2096 2224 2141 ne
2262 2095 2470 2142 unum
2523 2074 2823 2161 quidem.
2851 2094 3005 2140 ver-

775 2176 942 2244 bum
988 2174 1322 2267 Stephani
1381 2185 1642 2246 mutare
1704 2178 1959 2245 vellent
1974 2229 1995 2266 ,
2090 2177 2311 2245 statim
2356 2179 2431 2244 in
2468 2177 2688 2266 prima
2727 2177 3004 2267 pagina,

774 2279 965 2367 quod
1009 2279 1129 2348 ille
1180 2280 1564 2371 scripserat,
1662 2278 1954 2375 ,ζἈλφα
1967 2334 1996 2368 ‚
2064 2291 2335 2371 praeter
2375 2281 2627 2370 figuras
2688 2302 2855 2367 quas
2906 2279 3006 2348 illi

772 2384 844 2450 in
893 2383 1119 2455 fronte
1178 2382 1377 2451 huius
1418 2383 1714 2476 paginae
1760 2384 1924 2451 dedi
1936 2387 2004 2472 ,“
2060 2384 2155 2455 sic
2204 2391 2576 2452 mutarunt:
2656 2380 3002 2476 „'‘A³.q0a,

772 2496 1043 2578 praeter
1085 2487 1371 2580 figuras,
1441 2485 1637 2581 [quas
1700 2486 1789 2554 ad
1835 2486 2042 2555 finem
2087 2487 2310 2579 operis
2327 2538 2346 2576 ,
2409 2510 2563 2556 cum
2632 2485 3002 2576 omnigenis

771 2591 1112 2659 literarum
1151 2591 1461 2660 ductibus
1514 2601 1582 2659 et
1630 2590 2050 2681 compendiis
2066 2644 2086 2679 ,
2153 2592 2483 2659 subiectas
2524 2587 2886 2680 videbis,]“
2937 2597 3008 2655 et

771 2695 1008 2784 paucis
1042 2695 1339 2762 versibus
1378 2703 1570 2785 post,
1622 2693 1814 2783 quod
1857 2695 2207 2785 scripserat
2239 2693 2644 2784 StephanuS,
2698 2743 2741 2780 „
2759 2699 2833 2758 ut
2875 2689 3016 2757 ali--

774 2797 1089 2884 quando,
1154 2797 1306 2864 Deo
1346 2797 1651 2885 favente,
1729 2798 1798 2864 in
1858 2819 2015 2865 meo
2066 2798 2156 2865 de
2206 2795 2680 2888 Calligraphia
2738 2794 3007 2862 Graeca

772 2900 953 2968 libro
996 2898 1253 2968 videbis
1268 2902 1336 2988 ,“
1387 2900 1878 2988 omittendum,
1943 2912 2009 2968 et
2052 2901 2120 2968 in
2163 2900 2697 2968 adnotationibus
2739 2920 3007 2989 ponen-

774 3002 941 3071 dum
969 3011 1425 3094 putaverunt„
1459 3027 1540 3071 ea
1577 3025 1830 3091 caussa,
1881 3004 2071 3092 quod
2101 3005 2154 3071 is
2198 3003 2531 3094 Stephani
2565 3003 2741 3097 liber
2782 3004 3007 3079 lucem

773 3129 914 3174 non
952 3097 1240 3179 vidisset.
1346 3110 1435 3175 At
1475 3105 1786 3175 adnotari
1829 3105 2004 3177 haec
2039 3117 2351 3197 poterant
2390 3108 2590 3175 etiam
2622 3106 2847 3173 verbis
2873 3105 3007 3171 istis

772 3232 902 3279 nee
928 3209 1200 3277 mutatis
1222 3232 1350 3280 nec
1379 3209 1634 3277 deletis.
1736 3209 2046 3278 Alterum
2071 3233 2233 3279 vero
2263 3210 2437 3278 illud
2453 3262 2472 3298 ,
2524 3208 2714 3298 quod
2755 3208 3007 3293 dicunt,

772 3313 1013 3406 paullo
1073 3311 1311 3379 melius
1373 3336 1416 3379 a
1475 3335 1547 3380 se
1609 3311 2007 3404 dispositum
2058 3314 2139 3381 iri
2192 3312 2523 3405 Stephani
2565 3311 2868 3398 lexicon,
2930 3309 3008 3378 id

773 3418 980 3507 quale
1032 3415 1324 3509 intelligi
1367 3417 1727 3506 voluerint,
1792 3439 1994 3484 nemo
2042 3418 2202 3506 erit,
2271 3418 2394 3507 qui·
2425 3438 2563 3484 non
2612 3414 3009 3505 explicatius

773 3521 1196 3590 declaratum
1228 3520 1488 3610 cupiat,
1539 3521 1595 3587 si
1623 3518 1902 3608 quidem
1929 3520 2107 3590 haee
2150 3544 2290 3609 reS,
2340 3528 2421 3588 ut
2450 3541 2654 3609 supra
2677 3519 3008 3588 innueba-

770 3648 919 3694 mus
933 3676 953 3713 ,
1007 3624 1438 3694 dubitationis
1476 3619 1863 3715 plenissima
1904 3636 2019 3693 est.
2070 3626 2296 3713 Atque
2313 3672 2334 3711 ,
2384 3632 2458 3691 ut
2499 3622 2709 3690 nobis¹
2726 3620 3009 3711 quidem

770 3727 1074 3816 videtur,
1128 3730 1250 3798 etsi
1296 3726 1669 3820 optandum
1708 3727 1922 3816 foret,
1972 3736 2049 3795 ut
2084 3727 2369 3797 certiore
2406 3726 2703 3815 quadam
2746 3725 3010 3792 ratione

772 3829 1036 3898 radices
1088 3830 1366 3923 linguae
1410 3831 2002 3919 constituerentur,
2080 3852 2287 3919 quam
2343 3830 2431 3896 ab
2497 3829 2590 3896 H.
2649 3826 3006 3919 Stephano

773 3931 1033 3999 factum
1080 3941 1211 4022 est,
1276 3934 1366 4001 ad
1409 3956 1654 4022 easque
1686 3932 1950 4001 'deinde
1993 3933 2255 4025 singula
2298 3932 2506 4001 verba
2553 3940 2719 4022 apto
2771 3931 3010 4002 ordine

774 4033 1100 4124 disposita
1139 4035 1612 4106 referrenturz‘
1645 4045 1874 4105 tamen
1908 4037 2033 4105 nisi
2073 4036 2219 4125 quis
2263 4057 2517 4104 novum
2571 4034 2780 4125 plane
2833 4034 3008 4102 lexi-

775 4158 909 4208 con
952 4136 1247 4207 condere
1291 4140 1527 4228 vellet,
1597 4139 1995 4210 servandum
2031 4148 2191 4208 erat.
2211 4139 2415 4227 illud,
2480 4138 2670 4227 quod
2705 4136 3006 4228 Stepha-

770 4263 896 4309 nus
920 4242 1252 4308 exstruxit
1266 4293 1288 4329 ,
1343 4243 1758 4332 aedificium,
1823 4245 1943 4312 sed
1980 4242 2243 4312 mutatis
2287 4243 2365 4309 iis
2384 4293 2404 4329 ,
2473 4264 2648 4329 quae
2685 4240 2777 4307 ad
2815 4261 3006 4308 usum

773 4344 1212 4415 incommoda
1242 4354 1409 4418 sunt.
1501 4347 1691 4418 *Nam
1736 4369 1945 4435 quum
1983 4335 2354 4439 praecipua
2379 4344 2597 4417 virtus
2621 4343 2707 4411 sit
2746 4343 3006 4411 lexico-

774 4470 924 4519 rum
942 4500 963 4537 ‚
1016 4458 1091 4517 ut
1130 4469 1336 4538 quam
1362 4447 1688 4530 facillime
1711 4450 2013 4540 quidque
2038 4449 2310 4521 inveniri
2332 4447 2553 4540 „possit
2567 4497 2588 4535 ,
2629 4446 2708 4514 ‘ei
2738 4447 2840 4515 rei
2865 4467 3002 4514 non
