3325 5317
990 503 1113 564 An
1165 503 1301 564 Fa.
1361 478 2097 568 LINDEMANNVM.
2536 507 2664 574 2⁶1

422 673 597 743 Mox
653 698 726 768 p.
770 669 944 744 250.
999 674 1070 743 in
1128 674 1491 745 Simonidis
1542 678 1838 747 versibus
1884 678 2198 749 fraudem
2246 679 2371 749 tibi
2413 679 2666 750 factam

423 800 752 871 agnosces
784 780 855 847 in
896 779 1118 848 verbis
1169 775 1640 874 (ἐπιστρέφει
1693 781 1792 854 δὲ’
1812 778 2014 876 αὐτῷ
2026 837 2055 872 ,
2133 778 2312 872 quae
2346 793 2534 853 recte
2589 808 2664 854 se

418 881 695 951 habent.
800 884 956 951 Non
993 891 1143 951 sunt
1177 882 1356 951 enim
1395 883 1762 952 Simonidis
1804 886 2016 953 verba
2032 933 2053 969 ,
2113 885 2236 955 sed
2279 886 2663 972 Heliodori,

418 985 700 1056 dicentis
745 987 994 1070 versui,
1054 1009 1260 1076 quem
1296 962 1521 1054 modo
1554 989 1909 1078 attulisset,
1955 984 2456 1112 a’vta'mpoqyov
2498 1013 2662 1078 esse,

369 1181 378 1188 ·
415 1089 461 1156 i.
493 1111 551 1158 e.
582 1090 651 1157 in
684 1089 1104 1181 antistropha
1127 1090 1544 1182 respondere
1574 1090 1803 1177 hunc,

835 1256 1353 1357 ἄποτρέπουσα
1398 1262 1676 1360 Κῆρας.

418 1428 654 1521 (Conf.
687 1430 890 1501 etiam
916 1431 1259 1502 Gaisford.
1289 1432 1379 1502 ad
1414 1434 1671 1503 Simon.
1705 1434 1789 1501 fr.
1818 1434 1889 1503 in
1928 1443 2116 1528 poet.
2159 1436 2320 1504 min.
2345 1456 2418 1528 p.
2450 1434 2661 1528 401.)

414 1528 999 1630 Ἀποτρέπουσα,
1052 1560 1136 1612 an
1166 1533 1732 1640 οἷποτρέπρυσαν
1761 1560 1994 1606 verum
2026 1539 2141 1624 sit,
2199 1539 2348 1629 quis
2374 1539 2663 1607 dixerit?

414 1636 579 1703 Plus
630 1639 1034 1708 auctoritatis
1072 1641 1516 1709 nominativus
1554 1640 1817 1711 habere
1857 1642 2139 1711 videtur.
2241 1645 2662 1711 Alterutrum

412 1748 604 1808 certo
646 1765 883 1810 verum
936 1753 1056 1811 est.
1171 1744 1281 1813 De
1338 1744 1684 1814 Alcmanis
1751 1745 2139 1840 fragmento
2189 1746 2514 1840 fugerunt
2567 1755 2659 1832 te,

414 1865 588 1930 quae
649 1844 786 1913 dixi
841 1846 911 1914 in
973 1847 1198 1915 diariis
1245 1849 1633 1918 lenensibus
1703 1847 1928 1917 1816.
1993 1873 2083 1918 m.
2144 1850 2435 1943 August.
2487 1847 2658 1917 154.

409 1945 478 2012 in
544 1969 823 2018 censura
864 1950 1173 2020 editionis
1230 1951 1748 2021 Welckerianae
1762 2001 1784 2036 ,
1865 1975 2093 2021 versus
2171 1954 2265 2021 ita
2328 1952 2659 2047 legendos

410 2048 658 2136 videri,

823 2151 1076 2244 Maio',
1144 2152 1320 2255 ἄγε,
1350 2155 1642 2229 Μωσα
1712 2154 1988 2250 λίγαια,

820 2258 1211 2380 πρλυμελὲς
1262 2254 1518 2341 ᾰοιδᾶς
1555 2260 1784 2352 ,μέλος

821 2353 1138 2456 reomao&
1190 2358 1370 2460 ἄρχε
1420 2363 1821 2459 παρθένοις
1873 2358 2135 2443 ἀείδειν,

410 2524 961 2608 postremumque
1001 2537 1266 2584 versum
1286 2563 1309 2602 ,
1385 2524 1455 2585 et
1498 2540 1654 2630 eum
1670 2564 1692 2605 ,
1769 2540 1976 2608 quem
2034 2514 2202 2588 huic
2249 2516 2445 2587 addit
2496 2517 2656 2586 Pri-
2749 2504 2753 2507 ’

410 2620 703 2706 scianus,
751 2618 894 2690 hoc
933 2628 1151 2690 metro
1210 2642 1352 2689 esse

1554 2856 1588 2882 υ

407 2946 683 3016 Eodem
731 2955 949 3015 metro
990 2956 1091 3015 est
1135 2945 1253 3016 ille
1271 2995 1292 3033 ,
1369 2947 1439 3015 in
1482 2970 1620 3037 quo
1670 2956 1860 3018 recte
1919 2946 2224 3039 praefers
2284 2935 2782 3044 χερσόνδεΑθῙ
2900 2987 2904 2998 ·

397 3050 550 3136 Qui
580 3050 827 3119 deinde
867 3049 1146 3119 Pindari
1181 3059 1251 3119 et
1279 3050 1723 3143 Bacchylidis
1751 3074 1980 3122 versus
2012 3059 2648 3136 commemorantur,

403 3153 534 3223 hos
582 3176 896 3224 numeros
940 3152 1232 3224 habent:

551 3417 554 3424 .
1027 3320 2005 3445 v-'o-C-l-'ulq‘gou-

403 3484 486 3551 In
546 3482 1001 3575 Hipponactis
1060 3483 1359 3553 versibus
1385 3532 1406 3569 ,
1484 3485 1605 3572 qui
1647 3492 2015 3573 sequuntur
2032 3530 2054 3568 ,
2138 3479 2311 3550 mihi
2366 3499 2645 3569 qnoque

399 3595 588 3657 recte
638 3585 908 3656 videtur
949 3587 1349 3658 Welckerus
1391 3580 1794 3683 Κυλλῆνειε
1847 3585 2228 3657 coniecisse.

604 3792 776 3886 Pag.
799 3767 981 3862 '253.
1082 3789 1406 3859 Nondum
1435 3788 1872 3883 persanavisti
1896 3787 2255 3880 Eupolidis
2285 3786 2640 3881 fragmen-

400 3906 580 3982 tum,
630 3898 700 3965 in
739 3919 877 3987 quo
922 3915 1058 3986 ego
1099 3915 1374 3983 quoque
1420 3896 1492 3962 in
1531 3894 1753 3963 Elem.
1801 3892 1871 3961 d.
1922 3916 2011 3962 m.
2057 3915 2128 3984 p.
2168 3887 2342 3961 586.
2390 3916 2432 3960 a
2474 3912 2639 3960 vero

401 3999 724 4076 aberravi.
850 4000 1042 4067 Bene
1089 3998 1347 4066 factum
1363 4045 1384 4083 ,
1451 3997 1639 4086 quod
1693 3995 1912 4066 codex
1965 4005 2121 4065 tuus
2165 3992 2358 4069 πάνυ
2401 3994 2642 4089 λεπτῷ

402 4103 740 4196 praebuit.
859 4100 1000 4170 Sed
1058 4099 1224 4190 quid
1281 4112 1425 4169 tum
1489 4102 1607 4194 γε’,
1704 4122 1842 4168 ιιοιι
1917 4122 2039 4169 suo
2098 4100 2258 4171 loco
2316 4098 2639 4192 positum,

401 4207 814 4294 omninoque
850 4226 989 4273 non
1030 4212 1266 4296 aptum
1282 4203 1319 4271 ἓ
1378 4203 1620 4274 Scribe
1637 4250 1661 4289 ,

605 4338 704 4416 ἵν’
760 4342 1041 4426 ἔξεστιν
1089 4334 1283 4414 πάνυ
1333 4340 1576 4436 λεπτῷ
1622 4338 1817 4437 κακῷ
1865 4368 1949 4415 τε
1991 4333 2129 4440 τῆν
2181 4341 2410 4431 ἰδέαν,

396 4480 569 4568 „ubi
595 4480 759 4554 licet
780 4478 1044 4551 homini
1075 4501 1351 4575 prorsus
1376 4478 1739 4551 macilento
1771 4490 1842 4550 et
1862 4480 2097 4572 specie
2120 4482 2402 4572 pravo.“
