3325 5317
659 498 743 559 2⁰
827 491 942 554 DE
994 489 1404 555 LEGIBVS
1450 489 2018 568 QVIBVSDAM'
2058 491 2802 557 SVBTILIORIBVS

658 667 909 751 necne,
958 665 1320 746 nescimus3
1371 667 1441 737 εἰ
1465 666 1786 758 γένοιτό,
1838 665 1894 735 si
1934 665 2089 749 fiat,
2142 666 2333 755 quod
2368 665 2685 759 finginius
2711 659 2916 750 fieri‚·

656 769 828 836 nihil
874 777 1217 855 curantes,
1268 768 1652 836 futurumne
1693 769 1811 854 sit,
1873 792 1956 836 an
1998 769 2175 836 forte
2220 792 2307 837 ne
2345 771 2572 860 possit
2604 767 2885 858 quidem

655 871 825 938 fieri.
870 885 873 888 ’
926 870 1070 940 Sed
1099 872 1514 961 quantumvis
1538 871 1747 962 plana
1791 873 1874 939 sit
1913 872 2091 943 haec
2126 871 2487 942 modorum
2526 871 2883 956 distinctio,

636 975 882 1042 ‘tamen
909 998 1035 1042 usu
1061 975 1140 1042 fit
1169 974 1719 1066 impeditissima,
1758 985 1827 1052 et
1856 975 2131 1065 quidem
2157 985 2443 1068 propter
2472 976 2686 1067 ipsam
2716 995 2889 1042 con—.

655 1077 930 1146 iunetivi
966 1079 1382 1168 optativique
1407 1086 1735 1152 naturam.
1840 1081 2018 1147 Nam
2052 1080 2504 1148 coniunctivus
2545 1101 2756 1167 quum
2802 1100 2886 1145 ea

654 1190 876 1273 notet,
955 1204 1131 1271 quae
1182 1204 1304 1249 nos
1353 1190 1644 1267 tautum,
1712 1181 1923 1249 sintne
1957 1204 2066 1256 ,an
2119 1204 2255 1250 non
2307 1181 2465 1265 sint,
2495 1265 2498 1270 μ
2531 1181 2883 1266 nescimuS,

651 1285 1019 1354 necessario
1061 1306 1292 1352 omnes
1309 1332 1330 1369 ,
1397 1307 1574 1373 quae
1616 1305 1746 1373 per
1787 1307 1941 1352 eum
1973 1285 2257 1354 modum
2295 1277 2671 1353 indicantur
2713 1305 2883 1352 eon-

653 1385 937 1454 ditiones
955 1435 976 1471 ,
1027 1387 1096 1454 in
1130 1387 1429 1455 futurum
1457 1397 1726 1477 tempus
1766 1388 2065 1456 coniicit:
2113 1390 2273 1478 quia
2302 1388 2557 1455 etiamsi
2586 1385 2751 1477 quid
2799 1408 2883 1454 ex

652 1511 737 1556 eo
776 1490 1067 1580 pendet,
1119 1500 1194 1557 ut
1235 1489 1491 1579 aliquid
1527 1490 1663 1557 iam
1704 1491 1916 1558 multo
1967 1499 2118 1557 ante
2157 1492 2413 1560 factum
2463 1493 2582 1574 sit,
2633 1499 2880 1574 tamen,

542 1613 569 1628 ·”
649 1615 860 1681 quum
899 1616 1020 1660 nos
1037 1641 1057 1678 ‚
1121 1593 1287 1661 dum
1319 1594 1744 1664 coniunctivo
1786 1594 2062 1679 utimur,
2115 1602 2337 1662 utrum
2379 1593 2452 1659 id
2494 1593 2578 1660 sit
2624 1592 2880 1660 factum

647 1715 893 1779 necne,
946 1695 1249 1764 nondum
1281 1696 1595 1780 seiamuS‚
1648 1704 1794 1763 tota
1814 1720 1919 1764 res
1951 1698 2019 1763 in
2055 1720 2138 1765 eo
2164 1703 2482 1781 versatur,
2532 1706 2607 1762 ut
2639 1696 2883 1786 cogni-

645 1809 718 1865 to
771 1798 1081 1882 demum,
1141 1799 1309 1888 quid
1358 1800 1458 1867 rei
1500 1799 1618 1882 sit,
1692 1800 1990 1868 conditio
2040 1801 2433 1890 impleatur:
2484 1798 2665 1867 unde
2713 1820 2882 1867 con-

641 1900 935 1968 iunctivo
991 1899 1298 1991 adhaesit
1354 1902 1452 1969 vis
1510 1901 1718 1969 futuri
1760 1902 1993 1971 exacti.
2096 1904 2252 1971 Alia
2293 1903 2470 1969 ratio
2529 1912 2628 1969 est
2681 1911 2883 1992 opta-

596 2002 794 2089 Μὶνί,
843 1999 964 2092 qui
1000 2025 1212 2093 quum
1247 2013 1484 2072 natura
1519 2009 1639 2072 sua
1655 2052 1677 2090 ,
1727 2005 1982 2095 pariter
2024 2014 2230 2095 atque
2260 2004 2692 2089 indicatiVuS,
2745 2026 2883 2092 non

568 2143 573 2147 -
647 2106 729 2173 sit
792 2108 1184 2196 cuiusquam
1216 2107 1563 2199 ‚temporis
1617 2108 1936 2198 proprius
1954 2160 1975 2197 ‚
2069 2116 2430 2200 usurpatur
2467 2108 2592 2177 ille
2654 2116 2883 2176 tamen

644 2209 969 2300 singulari
1002 2210 1305 2300 quodam
1354 2210 1566 2278 modo
1614 2210 1704 2279 de
1733 2211 2103 2301 praeterito
2137 2221 2467 2302 tempore.
2570 2212 2747 2278 Nam
2782 2219 2892 2297 ut,

642 2335 822 2402 quae
861 2310 1184 2384 haetenus
1227 2313 1409 2383 dieta
1459 2321 1641 2399 sunt,
1700 2314 1790 2382 ad
1829 2315 2179 2383 sententias
2218 2313 2629 2405 temporales
2667 2321 2881 2380 trans-

641 2405 940 2504 ferauius
955 2464 977 2501 ,
1027 2416 1135 2484 his
1181 2426 1297 2487 aut
1326 2427 1509 2487 certa
1540 2439 1648 2486 res
1663 2465 1685 2502 ,
1737 2440 1914 2506 quae
1954 2417 2174 2502 fuerit,
2228 2417 2330 2502 sit,
2382 2417 2495 2486 vel
2521 2415 2750 2483 futura
2776 2416 2877 2499 sit,

642 2518 1033 2610 designetur
1060 2542 1334 2589 necesse
1368 2530 1485 2604 est,
1537 2529 1636 2606 ut,
1690 2516 1819 2592 ὅτε
1865 2516 1994 2616 ἦν,
2050 2518 2175 2592 ὅτε
2206 2520 2440 2599 ἔστιν,
2486 2516 2612 2591 ὅτε
2639 2520 2875 2607 ἔσται,

527 2704 530 2708 .
641 2630 760 2689 aut
795 2623 1070 2706 ineerta,
1124 2644 1340 2711 eaque
1367 2623 1479 2690 vel
1504 2622 1620 2706 sie,
1673 2630 1747 2688 ut
1773 2643 1896 2688 nos
1928 2630 2205 2706 tantum,
2233 2630 2456 2690 utrum
2480 2620 2582 2705 sit,
2627 2619 2713 2691 an
2739 2643 2879 2688 non

640 2724 758 2799 sit..
810 2725 1235 2814 ignoremus:
1295 2746 1472 2812 quae
1503 2722 1804 2791 conditio
1840 2744 2050 2812 quum
2081 2745 2163 2791 ex
2195 2719 2452 2791 eventu'
2484 2722 2713 2792 adhuc
2751 2739 2877 2793 eo-

640 2825 1041 2918 gnoscendo
1089 2845 1407 2917 suspensa
1432 2826 1535 2909 sit,
1584 2825 1865 2917 planum
1901 2835 2035 2910 est,
2087 2824 2268 2897 hanc
2297 2834 2511 2894 totam
2550 2827 2881 2894 rationem

639 2949 780 2997 non
828 2928 953 2996 nisi
1001 2927 1121 2996 ad‘
1149 2927 1454 2996 futurum
1493 2936 1763 3019 tempus
1819 2928 2173 3020 pertinere.
2275 2930 2453 2997 Nam
2477 2928 2553 2997 id
2592 2938 2875 3014 tantum,

641 3030 833 3121 quod
892 3031 1195 3102 nondum
1242 3031 1499 3099 factum
1559 3041 1657 3102 est
1672 3079 1694 3117 ,
1783 3041 2010 3124 potest
2061 3055 2147 3101 ex
2169 3077 2173 3082 -
2195 3031 2580 3101 conditione
2622 3033 2877 3100 ineerta

639 3133 963 3227 pendere.
1070 3134 1280 3219 Quod
1340 3143 1566 3202 autem
1610 3157 1846 3204 revera
1890 3136 2001 3203 vel
2037 3135 2137 3219 fit,
2188 3135 2300 3204 vel
2329 3135 2588 3205 factum
2619 3144 2747 3219 est,
2799 3133 2877 3218 {d

641 3238 697 3305 si
729 3260 866 3327 qua
897 3260 980 3305 ex
1022 3237 1406 3306 conditione
1452 3236 1744 3328 pendet,
1813 3237 2231 3307 ea‘conditio
2275 3261 2413 3306 non
2448 3239 2584 3305 iam
2622 3238 2876 3320 ineerta

640 3363 783 3409 esse
810 3349 1055 3431 potest,
1084 3339 1206 3409 sed
1234 3363 1471 3415 revera
1498 3342 1781 3431 impleta
1803 3340 2008 3410 fuerit
2024 3361 2293 3411 neeesse
2328 3350 2446 3427 est,
2472 3340 2632 3429 quia
2658 3340 2874 3425 aliter,

636 3443 832 3534 quod
879 3466 962 3512 ex
1005 3467 1087 3511 ea
1130 3443 1514 3535 pendebat,
1564 3467 1703 3511 non
1750 3444 2088 3516 evenisset.
2193 3444 2422 3529 Quare
2467 3450 2652 3513 reete
2691 3443 2875 3513 dieas

639 3546 922 3632 ξενίσω,
976 3540 1201 3622 ὁπότε
1239 3554 1527 3644 ἴκηταις
1573 3569 1713 3615 non
1748 3555 1972 3615 autem
2007 3547 2262 3637 possis,
2314 3549 2589 3629 ἐξένισα
2601 3599 2643 3637 ,⁸
2684 3538 2876 3617 ὁπό-

639 3676 722 3722 τε
752 3658 1014 3745 ἵκηται.
1117 3649 1262 3718 Sed
1293 3650 1549 3741 poteris
1575 3650 1644 3718 in
1674 3650 2012 3742 praesenti
2035 3659 2367 3740 tempore,
2416 3648 2627 3717 modo
2666 3669 2755 3715 ne
2783 3647 2875 3714 de

641 3774 764 3836 eo,
815 3751 1005 3840 quod
1046 3776 1225 3823 nune
1254 3754 1478 3844 ipsum
1505 3753 1656 3839 fiat,
1681 3751 1884 3848 (hoo
1923 3752 2102 3820 enim
2143 3761 2403 3821 eertum
2448 3752 2576 3842 est)
2628 3750 2750 3818 sed
2782 3748 2875 3832 de

471 3921 479 3928 ,
636 3845 759 3939 eo,
809 3855 1017 3943 quod‘
1042 3856 1463 3926 indefinitum
1505 3859 1636 3942 est,
1686 3855 1983 3944 ideoque
2025 3855 2251 3943 aliqua
2296 3854 2397 3921 sui
2421 3862 2618 3945 parte
2659 3874 2746 3921 ex
2787 3872 2874 3920 eo

518 3949 525 3959 '
637 3955 933 4049 pendet,
987 3957 1178 4047 quod
1223 3960 1455 4031 adhue
1498 3959 1831 4029 incertum
1876 3966 2007 4026 est:
2058 3966 2169 4043 ut,
2229 3955 2337 4051 τῷ
2388 3955 2521 4029 ’νῦν
2566 3955 2683 4029 σοὶ
2730 3954 2871 4045 μὲν

638 4051 781 4150 ἐγώ
829 4065 1047 4141 ξεῖνος
1100 4059 1304 4156 φίλος
1339 4060 1610 4158 ”Αργεϊ
1640 4064 1882 4157 μέσσῳ
1938 4059 2128 4154 εἰμι’,
2196 4052 2290 4132 σύ
2325 4053 2418 4131 -6'
2468 4062 2548 4132 ἐν
2607 4054 2871 4152 Λυκίῃ,

641 4159 770 4235 ὅτε
798 4188 919 4234 κεν
950 4165 1097 4235 τῶν
1128 4165 1361 4263 δῆμον
1389 4173 1681 4259 ἵκωμαι,
1735 4170 1988 4257 hospes
2016 4185 2206 4247 sum,
2255 4160 2321 4230 εἰ
2364 4160 2651 4253 quando
2690 4159 2873 4228 istuc

636 4285 914 4332 venero.
1026 4265 1173 4333 Iam
1228 4267 1646 4360 intelligetur
1662 4316 1684 4353 ,
1761 4291 1885 4339 eur
1942 4267 2127 4337 idem
2169 4266 2255 4332 in<
2297 4262 2671 4354 praeteritis
2739 4283 2871 4352 per

637 4368 1011 4459 optativum
1062 4368 1490 4460 significetur.
1593 4374 1771 4440 Nam
1820 4392 2031 4459 quum
2078 4366 2565 4450 coniunctivuS,
2630 4373 2705 4433 ut
2750 4362 2869 4452 qui

624 4470 841 4558 futuri
868 4471 1209 4541 notionem
1239 4473 1606 4561 contineat,
1655 4497 1794 4543 non
1824 4472 2035 4565 possit
2057 4468 2433 4564 praeteritis
2472 4487 2865 4540 accommo-
