3325 5317
711 361 843 479 {82
1152 410 1579 474 cENszA
1633 412 1956 476 NOVAE
2016 414 2519 477 EDITIONIS

709 582 983 653 solitum
1017 590 1137 651 aet.
1183 621 1291 634 —
1352 583 1462 653 De
1507 585 1755 655 eodem
1801 586 1926 654 illo
1968 585 2155 680 ἄγαν
2200 607 2378 675 quae
2424 594 2664 657 contra
2712 584 2954 678 Spoh·

708 687 898 759 nium
935 686 1124 756 dicta
1170 694 1321 755 sunt
1357 710 1430 778 p.
1476 687 1598 758 Ίθ.
1665 700 1735 758 et
1778 712 1956 779 quae
2014 688 2272 758 ibidem
2317 689 2408 757 de
2456 691 2952 761 consociatione

712 790 853 860 eius
906 811 1065 860 cum
1117 790 1573 882 superlativiS,
1657 815 1796 863 non
1818 809 1831 816 ’
1857 792 1950 860 ad
2021 795 2300 861 verbum
2353 789 2950 889 ὖπεραγανακτῶ,

710 892 831 961 ubi
860 913 1063 960 nemo
1089 891 1209 960 illa
1247 905 1704 987 exspectaret,
1755 896 1879 964 sed
1925 893 2018 963 ad
2056 896 2282 985 ipsum
2323 895 2723 964 adverbium
2766 894 2951 988 ἄγαν

709 993 1062 1065 afferenda
1102 1004 1306 1065 erant.
1356 1036 1465 1049 —-
1562 997 1678 1070 Ad
1702 999 1888 1067 idem
1915 998 2312 1067 adverbium
2349 1021 2421 1090 Ρ.
2461 995 2584 1065 63.
2616 998 2957 1088 adsripse-

708 1106 869 1167 runt
909 1100 1123 1168 verba
1155 1100 1579 1169 Blomfieldii
1593 1150 1615 1187 ,
1684 1103 1795 1172 cui
1839 1100 2221 1191 Aeschylus
2266 1101 2338 1168 in
2382 1101 2600 1169 Persis
2658 1125 2723 1169 v.
2780 1099 2954 1168 832.
3050 1142 3057 1148 -

710 1222 851 1270 non
894 1195 1076 1282 Ζεύς
1141 1229 1265 1276 τοι
1328 1198 1682 1327 κολαστής
1745 1232 1894 1277 των
1959 1196 2444 1298 υπερκόμπων
2520 1202 2753 1296 ἄγαν,
2836 1202 2958 1271 sed

709 1303 862 1378 τῶν
911 1303 1100 1398 ἄγαν
1147 1299 1574 1403 υπεριιόπων
1623 1307 1891 1377 dedisse
1939 1307 2330 1390 videbatur,
2420 1315 2488 1373 et
2530 1307 2957 1393 adnotarunt,

710 1406 1089 1477 stobaeum
1114 1407 1331 1478 Serm-
1358 1409 1509 1477 xxii.
1564 1419 1633 1478 et
1678 1410 2115 1501 Apostolium
2141 1410 2341 1477 Prov.
2395 1407 2591 1477 Gent.
2634 1410 2769 1476 xiii.
2809 1408 2958 1500 (hic

711 1531 903 1580 error
944 1521 1076 1582 est:
1139 1512 1438 1582 centuria
1477 1521 1579 1581 est
1615 1513 1781 1604 xiv.)
1828 1536 1934 1605 pr.
1982 1513 2026 1579 i.
2073 1512 2164 1580 ad
2206 1511 2552 1602 Euripidis
2598 1535 2883 1580 versum.
2917 1534 2960 1579 a

707 1613 1156 1683 Blomfieldio
1179 1614 1457 1684 citatum
1483 1618 1885 1708 respexisse,
1934 1615 2268 1703 simulque
2307 1616 2506 1699 alios,
2557 1616 2746 1686 cuius
2794 1615 2960 1683 scri-

707 1717 924 1809 ptoris
960 1717 1086 1786 iste
1130 1739 1358 1785 versus
1401 1729 1573 1786 esset
1587 1767 1609 1803 ,
1660 1719 2012 1800 nescivisse
2056 1719 2514 1790 observarunt.
2627 1719 2789 1785 Non
2826 1718 2958 1786 im-

707 1819 1084 1912 probamus
1121 1818 1303 1891 hanc
1338 1820 1846 1890 adnotationem
1861 1871 1883 1907 ,
1947 1845 2124 1911 quae
2168 1844 2325 1890 sane
2373 1822 2555 1912 bona
2605 1831 2748 1889 est:
2834 1820 2956 1889 sed

713 1920 903 1990 aliud
958 1932 1137 2008 erat,
1224 1923 1413 2014 quod
1457 1947 1607 1993 non
1668 1927 1987 1995 omissum
2033 1919 2381 1997 vellemus.
2513 1925 2694 1991 Nam
2746 1946 2957 2013 quum

709 2024 1136 2094 Blomfieldii
1175 2026 1384 2095 verba
1415 2003 1758 2098 adducere
1791 2030 2119 2099 lectorem
2148 2028 2443 2120 possint,
2493 2036 2571 2094 ιιι
2615 2025 2802 2096 hunc
2832 2050 2958 2095 ne-

711 2150 883 2221 gare
913 2136 1146 2220 putet,
1196 2139 1381 2214 recte
1415 2130 1552 2222 dici
1591 2130 1635 2206 ὁ
1687 2129 2142 2229 ὖπέρκομπος
2193 2128 2407 2222 ἄγαν,
2460 2151 2544 2199 ac
2591 2131 2820 2221 potins
2862 2130 2956 2200 sic

712 2240 1071 2324 oportere,
1136 2228 1181 2305 ὁ
1245 2230 1430 2325 ἄγαν
1494 2231 1984 2331 υπέρκομποςε
2055 2233 2176 2302 etsi
2224 2233 2279 2301 is
2337 2232 2479 2300 hoc
2526 2255 2665 2301 non
2713 2233 2955 2319 voluit,

709 2344 787 2405 ιιι
832 2337 953 2425 qui
991 2335 1066 2405 in
1105 2335 1348 2405 eadem
1391 2337 1630 2406 fabula
1685 2359 1748 2407 v.
1803 2335 1978 2405 799.
2029 2363 2205 2416 τους
2252 2330 2715 2429 ὖπερπῶλους
2768 2334 2955 2428 ἄγαν

709 2438 1017 2507 dederit:
1055 2441 1428 2532 ·quoniam
1496 2435 1687 2510 nulla
1761 2440 1960 2508 huius
2050 2440 2413 2507 verborum
2489 2440 2958 2508 collocationis

710 2542 1031 2633 exempla
1070 2543 1460 2629 attulerant,
1511 2567 1649 2613 non
1679 2546 1799 2614 abs
1833 2566 1911 2612 re
1949 2542 2182 2611 fuisset
2207 2563 2518 2627 monere,
2567 2565 2706 2610 non
2732 2542 2954 2609 solum

706 2666 914 2734 saepe
942 2644 1277 2716 adiectivo
1316 2647 1641 2739 postponi
1681 2644 1905 2739 ἄγαν,
1957 2645 2245 2713 maxime
2289 2644 2476 2734 apud
2513 2644 2956 2735 Aeschylum,

707 2746 835 2815 sed
879 2755 1067 2848 recte
1109 2747 1182 2815 id
1216 2749 1367 2817 fieri
1413 2751 1615 2819 etiam
1665 2749 1787 2817 ubi
1843 2748 2156 2820 articulus
2200 2746 2632 2817 adficeretur:
2702 2750 2816 2818 cui
2856 2747 2958 2815 rei

711 2848 1220 2919 confirmandae
1263 2860 1334 2921 et
1375 2850 1494 2923 hic
1548 2851 1877 2941 Aeschyli
1926 2873 2154 2920 versus
2169 2903 2191 2939 ,
2241 2873 2447 2939 quem
2503 2851 2573 2919 in
2621 2851 2955 2943 suspicio-

706 2972 869 3019 nem
909 2950 1257 3024 adducere
1305 2956 1523 3024 voluit
1571 2955 2082 3040 BlomfieldiuS,
2151 2962 2219 3022 et
2263 2954 2432 3022 alter
2474 2954 2623 3043 ille,
2688 2955 2759 3021 in
2810 2977 2949 3043 quo

705 3053 882 3123 mira
921 3054 1044 3122 illa
1080 3078 1217 3124 vox
1262 3053 1721 3154 ὖπερπιᾶλους
1762 3058 1954 3127 nobis
2009 3056 2185 3126 nihil
2229 3058 2351 3125 nisi
2394 3080 2581 3125 error
2632 3058 2952 3126 librario-

633 3219 640 3222 .
710 3177 864 3224 rum
904 3178 1037 3248 pro
1079 3154 1566 3254 ὖπερπολλούς
1599 3183 1745 3230 esse
1789 3161 2092 3246 videtur,
2143 3160 2456 3229 inservire
2505 3169 2793 3251 poterat.
2845 3200 2952 3213 —-

689 3255 929 3327 'Simili
961 3259 1409 3340 observationi
1442 3264 1630 3332 locus
1675 3260 1818 3332 e'rat
1859 3264 1929 3332 in
1973 3263 2220 3332 eodem
2267 3263 2627 3348 adverbio,
2680 3263 2798 3333 ubi
2838 3265 2952 3331 lo-

707 3383 867 3433 cum
893 3363 1197 3432 Platonis
1234 3364 1436 3432 Polit.
1476 3366 1608 3434 viii.
1639 3387 1715 3456 Ρ.
1756 3363 1930 3434 564.
1980 3367 2068 3434 A.
2108 3367 2204 3435 ita
2230 3366 2553 3458 scriptum
2583 3313 2951 3436 dederunt.

695 3462 753 3560 ἦ
804 3490 945 3587 γαρ
999 3463 1186 3560 ἄγαν
1239 3467 1620 3565 ἐλευθερία
1674 3470 1904 3542 ἔοικεν
1972 3466 2101 3541 οὐκ
2173 3473 2271 3550 εἰς
2339 3468 2545 3543 ἄλλο
2586 3497 2667 3542 τι
2734 3468 2784 3566 ἢ
2851 3472 2988 3550 eic‘

707 3562 941 3666 [τήν]
980 3567 1169 3662 ἄγαν
1222 3569 1555 3645 δουλείαν
1608 3565 2105 3665 μεταβάλλειν
2156 3573 2274 3644 καὶ
2328 3567 2578 3669 ἰδιωτῃ
2630 3571 2750 3644 και
2802 3565 2949 3645 πό-

704 3672 837 3741 λει.
938 3673 1326 3750 Articulum
1359 3697 1566 3764 quem
1610 3676 1799 3744 uncis
1829 3675 2271 3762 incluserunt,
2319 3697 2449 3745 nec
2475 3675 2628 3743 libri
2666 3676 2947 3759 habent,

704 3770 899 3859 quod
944 3775 1227 3845 sciamus
1244 3828 1263 3866 ,
1310 3797 1469 3860 ‚nec
1520 3777 1909 3869 Stephanus
1968 3779 2226 3870 posuit,
2304 3787 2383 3848 ut
2436 3801 2592 3847 eum
2656 3779 2947 3846 editores

704 3871 1109 3963 propterea,
1170 3880 1330 3967 quia
1371 3882 1820 3950 necessarium
1862 3885 2188 3972 putabant
2202 3930 2224 3966 ,
2288 3880 2609 3950 adiecisse
2665 3881 2947 3951 videan-

705 3982 835 4042 tur.
937 3977 1035 4046 At
1074 3980 1171 4047 uti
1215 3982 1569 4052 addendus
1618 3994 1717 4053 oet
1767 3986 2084 4057 articulus
2100 4037 2120 4073 ‚
2194 3985 2314 4052 ubi
2356 3986 2619 4054 finitum
2668 3994 2767 4053 est
2817 4008 2947 4053 no-

705 4098 901 4162 men,
951 4078 1047 4146 ita
1089 4083 1491 4154 omittendus
1534 4096 1633 4157 est
1648 4136 1670 4174 ,
1722 4087 1840 4155 ubi
1875 4096 1974 4157 est
2005 4087 2386 4157 infinitums
2455 4088 2573 4157 Sic
2612 4098 2802 4157 recte
2840 4088 2945 4155 di-

614 4189 864 4265 none,
918 4178 1106 4275 αὕτη
1157 4185 1351 4259 ἐστὶν
1401 4186 1610 4282 ἄγαν
1647 4190 1974 4280 δουλεία,
2027 4191 2202 4261 haec
2241 4200 2341 4259 est
2383 4191 2605 4283 gravis
2644 4192 2944 4261 servitus:

710 4281 905 4373 quod
936 4283 1056 4352 ubi
1082 4284 1323 4355 dixeris
1357 4287 1543 4387 αὕτη
1595 4291 1822 4365 ἐστὶν
1817 4291 1886 4411 fi
1935 4287 2125 4387 ἄγαν
2176 4294 2498 4378 δουλεία,
2549 4293 2693 4364 hoc
2737 4294 2944 4387 signi-

711 4385 1013 4460 ficaveris
1026 4438 1049 4480 ,
1118 4385 1295 4459 haec
1336 4399 1436 4461 est
1486 4392 1609 4466 illa
1647 4395 1870 4487 gravis
1913 4396 2211 4496 servitus.
2276 4435 2382 4450 --
2459 4398 2618 4468 Non
2677 4399 2943 4483 rectius,
