3325 5317
769 471 1251 537 SERMONIS
1321 470 1802 532 HOMERICI
1848 469 2073 531 DISS.
2118 472 2163 531 1.
2503 476 2590 540 27

356 650 570 740 γαῖαν
583 700 612 735 ,
666 654 1043 735 postremus
1101 668 1326 715 versus
1366 655 1442 713 ut
1490 647 1579 714 ab
1621 668 1708 715 eo
1727 694 1749 731 ‚
1798 647 1919 735 qui
1946 647 2128 718 haec
2152 654 2412 731 narrat,
2463 646 2592 714 ad·-

355 751 562 819 iectus
603 750 825 840 accipi
854 757 1102 840 potest.
1933 808 1946 839 x

557 853 777 922 Venio
821 851 913 920 ad
949 851 1461 922 coniunctivum.
1565 850 1695 920 Cui
1716 852 2034 940 quoniam
2048 902 2070 939 ‚
2119 862 2195 923 ut
2225 875 2427 944 supra
2461 852 2591 920 de·-

355 965 795 1028 monstratum
843 964 976 1039 est,
1043 954 1247 1022 futuri
1302 953 1700 1046 significatio
1744 955 2105 1042 adhaeret,
2174 955 2591 1025 domicilium

354 1060 472 1127 ille
509 1058 725 1127 habet
776 1059 845 1125 in
892 1060 1090 1127 rebus
1131 1058 1404 1141 futuriS,
1473 1056 1769 1147 ideoque
1810 1068 1926 1127 aut
1966 1060 2057 1128 ad
2094 1059 2279 1127 aliud
2323 1070 2591 1151 tempus

353 1163 653 1232 futurum
667 1210 689 1248 ‚
741 1170 860 1229 aut
896 1161 990 1232 ad
1025 1184 1339 1253 praesens
1366 1161 1654 1251 refertur
1669 1209 1690 1247 ‚
1742 1184 1878 1230 non
1916 1165 2150 1248 etiam,
2201 1163 2595 1254 simpliciter

352 1264 630 1354 quidem
646 1313 668 1350 ‚
742 1265 833 1332 ad
869 1266 1307 1357 praeteritum
1321 1311 1343 1349 ,
1395 1263 1553 1353 quia
1588 1266 1963 1356 praeteritis
2008 1274 2078 1334 et
2121 1267 2356 1334 futuris
2406 1257 2594 1335 nulla

357 1377 457 1437 est
493 1369 616 1436 nisi
632 1389 772 1458 ‚per
810 1390 1126 1458 praesens
1159 1367 1591 1437 communio.‘
1669 1368 1900 1453 Quare
1936 1370 2056 1437 ubi
2083 1390 2240 1438 cum
2261 1373 2592 1460 praeteri-

356 1473 434 1539 tis
466 1472 767 1564 iungitur
807 1472 1298 1556 coniunctivus‚
1347 1494 1664 1562 praesens
1695 1472 2010 1562 aliquod,
2062 1495 2201 1561 quo
2241 1473 2360 1543 ille
2405 1473 2594 1543 refe-

354 1583 539 1643 ratur
559 1625 583 1660 ‚
632 1577 839 1644 lateat
883 1596 1159 1646 necesse
1197 1583 1328 1643 est:
1392 1575 1583 1664 quod
1611 1597 1821 1665 quum
1848 1575 2155 1667 pluribus
2196 1576 2418 1645 modis
2444 1577 2593 1645 fieri

252 1697 259 1706 “
353 1680 563 1770 possit
576 1727 601 1763 ‚
653 1679 744 1746 de
765 1679 1143 1769 potioribus
1174 1677 1656 1769 'exponendum
1693 1680 1977 1748 videtur.

554 1782 666 1851 Ac
707 1782 933 1872 primo
979 1784 1140 1851 latet
1175 1804 1526 1872 praesens:
1581 1783 1704 1851 ubi
1752 1805 1881 1873 per
1923 1781 2363 1874 praeteritum
2410 1782 2593 1851 desi-

356 1893 635 1976 gnatur:
689 1882 766 1964 ὅς
796 1912 875 1956 κε
909 1890 1108 1964 θεοῖς
1141 1883 1617 1981 ἐπιπείθηται
1633 1937 1661 1972 ,
1712 1879 1913 1979 μάλα
1944 1881 2022 1958 τ’
2047 1886 2298 1959 ἔκλυον
2337 1880 2587 1967 αὐτοῦ,

352 1987 546 2055 Iliad.
607 2016 678 2060 α.
720 1985 900 2058 218.
957 1988 1076 2057 Sic
1115 2007 1161 2059 ι.·
1208 1983 1382 2055 598.
1420 2015 1482 2058 ιι.
1527 1982 1700 2055 225.
1746 2015 1823 2060 ω.
1867 1983 2041 2055 531.
2097 1985 2235 2058 od.
2283 1991 2346 2062 δ.
2416 1985 2589 2060 35Ί.

352 2091 444 2158 Et
491 2097 649 2162 cu‘m
681 2091 1024 2183 particulis
1068 2090 1594 2182 temporalibus:
1654 2090 1856 2158 Iliad.
1905 2117 1979 2166 π.
2022 2089 2197 2163 689.
2252 2088 2330 2172 ὅς
2359 2118 2443 2165 τε
2469 2092 2598 2165 καὶ

355 2192 672 2314 ἄλκιμον
704 2192 937 2289 ἄνδρα
972 2199 1197 2288 φοβεῖ
1203 2226 1237 2281 ,·
1285 2193 1405 2267 καὶ
1444 2189 1792 2288 ἀφείλετο
1840 2193 2040 2292 νίκην
2081 2193 2398 2291 ῥηιδίως,
2463 2192 2592 2268 ὅτε

358 2292 428 2369 δ’
481 2290 702 2376 αὐτος
763 2289 1199 2392 ἐποτρύνῃσι
1261 2290 1662 2389 μαχεσθαι.
1790 2296 1971 2366 Vide
2020 2322 2085 2394 ρ.
2140 2295 2263 2365 98.
2326 2296 2464 2366 Od.
2526 2324 2590 2372 ο.

356 2398 530 2469 499.
594 2401 785 2470 cuius
841 2399 981 2468 loci
1046 2397 1376 2468 rationem
1430 2421 1567 2470 non
1624 2421 1900 2490 prorsus
1953 2399 2298 2489 perspexit
2337 2399 2595 2468 Thier-

354 2503 578 2572 schius
620 2527 692 2595 p.
747 2499 868 2569 16.
982 2500 1254 2570 Eadem
1301 2502 1474 2569 ratio
1516 2504 1727 2570 etiam
1782 2504 1852 2570 in
1896 2502 2227 2593 negativis
2261 2504 2598 2572 sententiis

358 2607 648 2675 obtinet.
699 2603 838 2678 Od.
878 2628 943 2679 ιι.
977 2602 1167 2682 327.
1200 2600 1369 2678 οὐδὲ
1409 2629 1550 2703 γαρ
1595 2602 1773 2679 οὐδέ
1799 2632 1913 2687 τις
1947 2604 2158 2687 ἄλλος
2202 2597 2385 2732 οἱνῆρ
2413 2598 2596 2680 τάδε

356 2703 692 2806 φάρμακ’
752 2705 1052 2807 ἀνέτλη,
1147 2733 1226 2788 ος
1277 2734 1356 2781 aas
1413 2707 1582 2804 πίη,
1672 2736 1795 2781 ιιαι
1835 2707 2130 2831 πρῶτον
2191 2703 2595 2808 ἀμείψεται

331 2812 550 2907 ’ἕρκος
576 2804 920 2888 ὀδόντων.
969 2837 1047 2903 μ
1084 2807 1205 2878 66
1256 2806 1420 2884 αλλ’·
1455 2809 1655 2884 οὔπω
1683 2837 1796 2891 τις
1821 2811 1986 2907 νηῦς
2018 2803 2243 2905 φύγεν
2278 2806 2592 2935 ἄνδρων,

352 2912 512 3012 ἥτις
553 2921 816 3012 ἵκηται.
935 2913 1298 2984 Difficilius
1340 2913 1481 2982 hoc
1524 2923 1656 2999 est,
1719 2905 1799 2982 Il.
1849 2923 1906 2996 ξ.
1952 2909 2129 2981 521.
2191 2909 2282 2987 ου’
2331 2908 2473 3038 γάρ
2520 2921 2594 2989 οἱ
2701 2975 2704 2980 .

350 3044 465 3098 τις
512 3013 766 3110 ὁμοῖος
801 3018 1244 3092 ἐπισπέσθαι
1291 3016 1504 3090 ποσὶν
1549 3013 1719 3114 ἦεν,
1774 3012 2061 3114 ἀνδρων
2097 3010 2588 3113 τρεσσάντων,

355 3116 484 3193 ὅτε
514 3147 601 3193 τε
637 3113 823 3202 Ζευς
852 3125 930 3195 ἐν
962 3114 1204 3215 φόβον
1236 3116 1437 3217 ὄρσῃ,
1490 3121 1612 3189 ubi
1638 3118 2084 3212 Thierschius
2112 3143 2185 3211 p.
2220 3116 2341 3202 15.
2370 3143 2593 3209 neque

353 3222 533 3293 hanc
611 3224 975 3293 lectionem
989 3269 1011 3307 ‚
1090 3245 1310 3313 neque
1389 3224 1673 3292 alteram
1732 3248 1961 3320 ωρσεν
2015 3205 2181 3292 ferri
2224 3226 2427 3314 posse
2482 3224 2592 3291 iu·-

353 3326 621 3412 dicans,
686 3325 904 3424 ὄρσαι
953 3327 1157 3395 scribi
1196 3326 1378 3408 vult3
1426 3350 1564 3396 non
1607 3328 1721 3398 ille
1759 3325 2042 3416 quidem
2082 3323 2369 3418 primus:
2432 3349 2592 3398 nam

355 3441 425 3502 et
461 3430 577 3498 alii
613 3432 759 3499 viro
799 3430 1006 3506 docto
1046 3430 1145 3499 ita
1177 3431 1394 3502 visum
1442 3440 1619 3516 erat,
1674 3439 1743 3498 et
1785 3428 1958 3500 mihi
1998 3431 2130 3522 ipsi
2172 3432 2243 3499 in
2280 3430 2592 3500 disserta-

352 3534 533 3604 tione
567 3533 659 3603 de
701 3534 1081 3625 praeceptis
1109 3533 1513 3625 quibusdam
1555 3533 2015 3604 Atticistarum
2044 3557 2117 3625 p.
2154 3532 2275 3610 2⁰.
2307 3533 2431 3604 sed
2459 3532 2592 3600 dn-

351 3637 568 3706 bitare
608 3646 847 3728 postea
892 3637 1128 3729 coepi,
1190 3646 1509 3708 monente
1547 3638 1750 3707 etiam
1779 3638 2084 3728 optativo
2102 3685 2124 3723 ‚
2174 3626 2446 3727 praeter
2474 3658 2593 3726 s07

352 3741 549 3810 litum
582 3729 996 3832 ⁴particulam
1053 3769 1138 3816 τε
1197 3742 1514 3812 comitem
1566 3741 1864 3812 habente
1880 3789 1901 3825 ,
1985 3764 2074 3809 an
2127 3740 2306 3812 haec
2356 3740 2592 3810 saltem

352 3845 461 3914 via
503 3844 878 3916 deserenda
922 3853 1108 3913 esset.
1213 3847 1363 3915 Nec
1394 3869 1567 3915 sane
1604 3846 1924 3916 damnem
1967 3839 2198 3941 ὦρσεν
2217 3891 2240 3931 ,
2292 3846 2451 3933 quia
2487 3845 2593 3912 ni,-

353 3947 457 4016 hil
496 3949 786 4040 impedit
804 3996 827 4034 ‚
877 3950 1230 4038 quominus
1276 3948 1454 4022 haec
1496 3951 1585 4018 de
1624 3948 2080 4018 Troianorum
2130 3947 2302 4040 fuga
2341 3949 2595 4020 intelli-

350 4059 627 4145 gantur:
691 4053 854 4141 quin
910 4074 1184 4142 prorsus
1239 4052 1336 4121 id.
1364 4074 1451 4122 ex
1503 4074 1698 4121 more
1750 4060 2000 4144 poetae
2051 4051 2261 4122 foret:
2326 4052 2450 4121 sed
2506 4076 2595 4123 ne

349 4155 807 4228 coniunctivus
844 4156 1122 4244 quidem
1161 4155 1369 4246 plane
1399 4154 1813 4246 spernendus
1855 4164 1986 4242 est,
2038 4156 2093 4224 si
2134 4155 2415 4245 quidem
2448 4152 2588 4229 οἷν-

349 4256 541 4356 δριὸν
583 4252 1043 4356 τρεσσάντων
1085 4260 1389 4328 universe
1424 4260 1685 4330 dictum
1709 4260 2083 4351 accipiatur
2127 4281 2259 4349 pro
2293 4264 2370 4334 ἐν
2395 4272 2684 4354 τρο-12

348 4362 455 4459 πῇ
492 4357 765 4459 μάχηςε
813 4385 1017 4432 nemo
1061 4385 1221 4434 enm
1265 4363 1629 4456 aequabat
1668 4365 1742 4433 in
1788 4363 2310 4456 persequendo,
2376 4384 2590 4455 quum

349 4465 614 4542 cedunt
656 4466 889 4538 hostes
910 4516 932 4554 ,
983 4465 1105 4538 ubi
1134 4475 1480 4540 ten-orem
1508 4468 1878 4540 incusserit
1911 4466 2254 4564 Iumm'ter.
