3325 5317
737 459 868 522 2⁰2
962 454 1079 516 DE
1119 450 1640 515 HISTORIAE
1701 441 2140 512 GRAEGAE
2188 448 2765 526 PRIMoRnus

739 649 938 697 cursu
982 625 1113 693 sibi
1152 627 1333 693 viam
1377 624 1693 706 fecerint3
1753 623 1916 695 hinc
1955 644 2240 706 cornua,
2289 620 2551 712 insigne
2591 621 2972 710 fluviorum,

739 740 808 801 et
842 751 1092 800 vaccae
1137 728 1377 797 forma.
1481 728 1825 819 PopuluS,
1891 728 2009 816 qui
2067 749 2150 795 ea
2196 726 2353 795 loca
2398 726 2779 813 accolebat,
2843 748 2972 817 ag-

735 858 904 927 gere
952 853 1159 921 aquas
1209 831 1517 903 cohibuit
1556 854 1640 900 ex
1691 830 2018 923 argilloso
2060 830 2228 899 limo
2246 877 2267 914 ,
2337 828 2455 918 qui
2503 838 2571 896 et
2614 830 2809 897 albus
2853 838 2967 913 est,

735 935 920 1005 unde
959 957 1217 1003 nomen
1236 937 1447 1028 Argi,
1500 944 1568 1002 et
1597 936 2000 1027 spongiosus
2025 933 2404 1026 plenusque
2448 933 2736 1018 tubulis,
2790 931 2969 1000 unde

734 1065 1106 1134 μυριωπος
1153 1048 1222 1109 et
1258 1030 1870 1132 πολυόφθαλμος;
1921 1039 2009 1106 ab
2050 1037 2316 1127 origine
2362 1044 2587 1103 autem
2628 1045 2697 1104 et
2736 1035 2968 1104 officio

735 1142 926 1211 idem
970 1136 1257 1241 γηνενής
1271 1198 1300 1232 ,
1358 1141 1735 1232 terrigena,
1791 1151 1860 1210 et
1901 1133 2322 1235 ’Λλευοῖδης,
2372 1138 2550 1207 filius
2580 1139 2968 1224 Averrunci,

738 1245 975 1315 dictus.
1069 1242 1349 1342 ''Apyov
1395 1245 1707 1315 Micuum
1748 1245 1952 1330 verti,
2018 1252 2094 1314 ut
2140 1242 2647 1332 ambiguitatem
2690 1241 2970 1310 nominis

737 1370 1091 1418 servarem.
1222 1352 1401 1419 Nam
1481 1349 1600 1437 qui
1684 1354 2015 1439 cognata·
2061 1346 2395 1416 vocabula
2461 1347 2970 1436 comparaverit,

738 1473 1169 1522 communem
1254 1452 1554 1520 omnium
1650 1451 1947 1520 micandi
2027 1449 2583 1542 significationem
2656 1450 2970 1541 reperiet,

737 1580 915 1646 quae
954 1579 1131 1627 nnnc
1173 1556 1264 1623 ad
1300 1556 1516 1624 solam
1567 1556 1979 1626 celeritatem
1995 1602 2016 1639 ,
2099 1574 2278 1623 nunc
2318 1553 2520 1620 etiam
2582 1552 2674 1619 ad
2715 1552 2973 1620 cando-

737 1683 885 1729 rem
913 1660 1228 1727 translata
1260 1669 1375 1727 est.
1477 1645 1737 1727 Satiato
1778 1682 1954 1747 aqua
1986 1659 2150 1726 limo
2165 1705 2186 1742 ,
2248 1656 2679 1747 oppletisque
2718 1657 2971 1724 rimulis

741 1764 1082 1848 omnibuS‚
1134 1785 1309 1851 quae
1340 1785 1445 1830 res
1483 1783 1612 1851 per
1653 1763 2038 1854 consopitos
2066 1760 2304 1830 oculos
2329 1759 2680 1844 indicatur,
2732 1783 2968 1849 aquae,

740 1867 849 1935 via
874 1875 1182 1957 reperta,
1235 1865 1424 1954 quod
1460 1865 1810 1935 Mercurio
1854 1865 2110 1935 auctori
2138 1862 2585 1954 adscriptum,
2637 1886 2985 1956 perrupe-,

738 1979 933 2053 runt,
1001 1978 1067 2036 et
1125 1970 1344 2037 libero
1389 1992 1585 2039 cursu
1637 1993 1710 2037 se
1760 1969 2241 2062 profuderunt:
2316 1967 2500 2036 unde
2539 1990 2789 2036 nomen
2831 1960 2967 2041 ’Ino'-

737 2074 1023 2141 Errores
1066 2073 1177 2141 Ius
1218 2074 1535 2163 p'ersequi
1583 2075 1870 2165 longum
1933 2081 2033 2141 est
2080 2083 2147 2140 et
2199 2071 2469 2138 inutile:
2536 2071 2686 2138 finis
2739 2093 2969 2139 eorum

736 2176 1087 2248 videndus,
1191 2177 1299 2245 De
1334 2199 1471 2266 quo
1516 2177 1609 2246 sic
1647 2176 2116 2267 Apollodorus
2147 2175 2235 2241 Π.
2291 2172 2378 2260 l,
2433 2172 2502 2240 3.
2553 2178 2970 2247 τελευταῖον

739 2276 906 2378 ἧκεν
952 2282 1049 2360 εἰς
1092 2278 1501 2373 Αἴγυπτον·
1572 2278 1759 2353 ὅπου
1804 2274 1942 2375 τήν
1984 2275 2296 2375 α’ρχαίαν
2342 2299 2640 2373 μορφην
2689 2274 2965 2350 οἷπολα-

736 2383 973 2477 βοῦσα
989 2437 1017 2471 ,
1071 2384 1289 2477 γεννᾷ
1328 2376 1531 2479 napo?
1574 2383 1684 2478 τῷ
1714 2382 1952 2477 Νείλῳ
1987 2379 2302 2473 ποταμῷ
2338 2378 2689 2474 '‘Enonpov
2717 2384 2966 2454 παῖδα.

736 2486 1010 2559 τοῦτον
1054 2486 1130 2559 δὲ
1165 2482 1380 2581 Ἠρα
1443 2491 1681 2560 δεῖται
1733 2478 2135 2582 Κουρήτων
2194 2479 2445 2605 ἀφανῆ
2487 2482 2970 2579 ποιῆσαι·οἱ

739 2590 817 2662 δὲ
857 2583 1227 2683 ἠφάνισαν
1278 2583 1533 2661 αὐτόν.
1596 2588 1714 2662 καὶ
1758 2583 1943 2668 Ζευς
1984 2587 2121 2680 μὲν
2169 2579 2652 2678 αἰσθόμενος,
2705 2584 2968 2658 κτείνει

737 2685 1167 2787 Κούρητας·
1243 2685 1368 2765 Ἰω
1422 2694 1499 2765 δὲ
1552 2692 1670 2765 ἐπὶ
1724 2686 2016 2786 ζήτησιν
2065 2688 2203 2761 τοῦ
2252 2681 2512 2769 παιδός
2569 2682 2964 2784 ἐτράπετο·

736 2794 1161 2888 πλανωμένη
1202 2794 1277 2865 δὲ
1322 2787 1514 2865 κατοῖ
1547 2795 1834 2891 Συρίαν
1876 2790 2203 2864 ἅπασαν·
2257 2796 2406 2864 ἐκεῖ
2433 2818 2571 2887 γαρ
2619 2785 2966 2919 ἐμηνύετο

743 2923 833 2977 ως
881 2895 1023 2968 τοῦ
1064 2896 1404 2990 Βυβλίων
1437 2899 1785 2990 βασιλέως
1831 2889 2014 2991 γυνή
2057 2885 2387 2991 ἐτιθήνει
2425 2888 2560 2966 τόν
2599 2888 2798 2967 υἱόν’
2851 2892 2970 2964 καὶ

646 2993 881 3076 1οτον
909 2997 1259 3094 Επαφον
1306 2997 1663 3094 ευροῦσα,
1719 3002 1815 3081 εἰς
1844 2999 2228 3092 Αἴγυπτον
2273 2996 2639 3090 ἐλθοῦσα,
2691 2990 2970 3092 ἐγαμή-

737 3111 842 3196 θη
896 3096 1264 3200 Τηλεγόνῳ
1328 3103 1435 3197 τῷ
1486 3096 1956 3196 βασιλεύοντι
2012 3095 2188 3173 τότε
2248 3079 2693 3193 Αἰγυπτίων.
2814 3101 2971 3168 Νοιι

739 3227 913 3296 opus
957 3207 1211 3291 tuerat,
1264 3208 1659 3298 Aegyptum
1708 3216 1775 3273 et
1809 3204 2045 3274 Nilum
2085 3203 2430 3271 nominari.
2533 3203 2969 3271 Manifestum

739 3318 840 3378 est
878 3309 1092 3394 enim,
1150 3310 1238 3398 'Io
1278 3311 1496 3400 ipsam
1540 3333 1749 3398 aquas
1798 3331 1941 3376 esse
1990 3307 2162 3375 Nili:
2229 3330 2404 3395 quae
2445 3309 2672 3375 multis
2720 3308 2965 3375 amfra-

736 3414 954 3483 ctibus
980 3414 1049 3479 in
1078 3434 1229 3481 eam
1261 3414 1650 3504 regionem,
1704 3413 1815 3483 cui
1871 3413 2194 3502 Aegypto
2239 3432 2488 3477 nomen
2528 3420 2646 3496 est,
2684 3410 2970 3496 delatae,

735 3526 1133 3609 recuperata
1174 3518 1449 3608 pristina
1488 3518 1744 3602 forma,
1795 3516 1838 3582 i.
1889 3538 1947 3582 e.
1989 3537 2209 3582 rursus
2260 3512 2693 3599 exundantes,
2747 3514 2969 3582 omnia

738 3632 1109 3713 occupant:
1172 3621 1355 3689 unde
1393 3621 1571 3716 filius
1611 3622 1725 3688 Ius
1755 3618 2130 3713 ’‘Enaqaoc,
2197 3616 2541 3709 OccupuS.
2645 3619 2851 3687 Hunc
2897 3625 2969 3684 ut

738 3726 1109 3811 occultent,
1161 3725 1545 3816 Populonia
1571 3735 1775 3817 rogat
1805 3722 2176 3802 Iuventios;
2227 3744 2397 3811 quos
2439 3732 2831 3812 perpetrato
2860 3721 2958 3787 fa-

737 3827 966 3897 cinore
1016 3828 1267 3897 occidit
1306 3830 1633 3919 Iuppiter.
1737 3827 1822 3896 ld
1869 3836 2007 3911 est,
2074 3825 2421 3917 populum,
2464 3848 2592 3916 per
2636 3848 2789 3912 eos,
2854 3825 2970 3914 qui

737 3938 952 3998 aetate
993 3940 1061 3998 et
1102 3933 1404 4000 sollertia
1456 3933 1742 4000 maxime
1784 3932 2124 4023 vigerent,
2176 3929 2443 3998 canales
2486 3929 2725 3998 fecisse
2743 3978 2763 4014 ,
2817 3929 2970 4018 qui·-

734 4035 863 4101 bus
908 4032 1281 4102 defluerent
1338 4059 1588 4125 aquae3
1666 4035 1789 4103 sed
1833 4045 2145 4105 conatum
2198 4033 2383 4100 hunc
2434 4034 2694 4100 irritum
2747 4033 2968 4102 fuisse.

738 4138 898 4205 Non
939 4136 1323 4206 dissimilem
1380 4139 1687 4206 fabulam
1757 4148 1982 4205 narrat
2032 4137 2371 4206 Diodorus
2430 4138 2484 4204 I.
2531 4135 2651 4205 19.
2754 4138 2968 4204 Porro

741 4264 949 4332 quum
992 4240 1119 4309 Itia
1162 4242 1378 4309 filium
1422 4242 1610 4332 apud
1653 4244 1963 4334 reginam
1993 4242 2416 4325 Pleniorum,
2485 4242 2603 4307 ubi
2647 4242 2967 4325 alebatur,

741 4345 1069 4415 insenisse
1087 4398 1106 4433 ‚
1163 4353 1232 4413 et
1278 4366 1543 4414 reversa
1584 4347 1656 4412 in
1703 4348 2101 4437 Aegyptum
2142 4345 2559 4436 Proculigno
2581 4394 2600 4428 ,
2642 4346 2795 4436 regi
2831 4347 2973 4412 Ae-
3018 4343 3025 4348 '

737 4451 958 4544 gypti‚
1037 4449 1335 4544 nupsisse
1388 4449 1671 4537 dicitur',
1732 4459 2054 4542 apertum
2095 4458 2199 4518 est
2214 4498 2235 4537 ,
2298 4445 2660 4542 significari
2700 4448 2973 4517 deside-
