3325 5317
719 482 1000 548 REGIS
1061 481 1670 548 SOLEMNIBVS
1728 482 2339 548 SEMISAECVL.
2518 489 2643 553 841

416 655 565 724 lans
580 703 602 742 ‚
653 678 792 744 quo
806 657 1099 750 regibus
1116 707 1137 743 ,
1188 658 1379 747 quod
1413 659 1484 727 in
1515 658 1788 750 privatis
1820 656 2013 749 gravi
2033 714 2042 723 ,
2062 650 2400 749 supplicio
2446 658 2646 749 puni·-

419 768 568 844 tnr,
619 782 755 827 non
779 761 1002 829 'mode
1030 762 1343 853 impune,
1405 761 1526 829 sed
1558 762 1759 830 etiam
1794 781 1952 829 cum
1995 760 2201 834 laude
2233 761 2490 829 licitu'm
2542 784 2646 829 ee-

416 870 538 944 eet‚
568 871 913 952 postremo
945 864 1379 957 certissimum
1411 865 1659 933 invenit
1674 864 1842 933 belli
1858 863 2192 940 inferendi
2220 863 2646 955 praesidinm,
2759 930 2762 933 ,

419 965 896 1052 aequilibrium
941 967 1284 1035 civitatum
1335 977 1755 1051 commenta,
1807 990 1982 1054 quae
2025 967 2436 1057 apertissima
2480 987 2646 1034 con·

414 1067 615 1134 fessio
650 1077 750 1137 est
766 1117 788 1154 ,
835 1070 1091 1137 nullam
1129 1070 1497 1139 civitatibus
1531 1072 1703 1139 inter
1745 1071 1928 1159 ipsas
1956 1068 2371 1141 intercedere
2405 1070 2648 1138 san-cti·-

396 1178 623 1237 -tatem
654 1171 830 1257 iuris,
883 1172 1025 1259 sed,
1079 1174 1508 1241 munibusad
1543 1174 1855 1242 iniuriam
1883 1173 2135 1263 pronixe,
2165 1174 2314 1240 solo
2350 1192 2461 1248 eas
2492 1195 2646 1240 mu-

416 1282 537 1341 tuo
569 1283 758 1343 metu
790 1275 1117 1345 cohiberi.
1217 1276 1491 1353 Scilicet
1519 1277 1941 1366 populorum
1972 1274 2153 1344 hanc
2176 1298 2316 1343 esse
2351 1275 2441 1343 ad
2472 1276 2647 1344 iniu—

398 1375 544 1443 ,τίεις
572 1380 1099 1469 propensionem
1130 1380 1473 1462 simulant,
1526 1402 1704 1469 qnae
1747 1399 1886 1451 non
1914 1380 2219 1469 ipsorum
2269 1386 2367 1448 est
2409 1385 2698 1471 popu-⁹

415 1480 636 1546 lorum
655 1527 676 1562 ,
727 1482 847 1551 sed
877 1482 1189 1567 illorum,
1243 1483 1361 1572 qui
1401 1484 1737 1572 imperant
1768 1482 2083 1572 populiS,
2134 1481 2409 1554 laedere
2442 1504 2649 1570 quam

396 1581 600 1649 -laedi
629 1585 829 1652 tutius
856 1586 1340 1656 arbitrantium.
1441 1589 1537 1654 Αι
1553 1587 1728 1654 inter
1760 1586 1975 1660 cultas
2018 1587 2319 1653 nationes·
2347 1606 2487 1675 non
2514 1585 2648 1652 mi-

371 1752 378 1762 ,
410 1706 540 1751 nus
577 1705 790 1775 parva
834 1710 1050 1779 regna
1093 1698 1240 1756 tnta
1287 1697 1437 1757 sunt
1451 1736 1471 1773 ‚
1541 1678 1750 1776 quam
1796 1710 1975 1776 quae
2018 1689 2388 1777 plurimum
2430 1696 2647 1759 terrae

411 1788 751 1875 obtinent,
854 1791 1279 1881 maximaque
1355 1791 1705 1861 abundant
1751 1790 2134 1860 hominum
2202 1789 2644 1860 multitudine.

412 1889 686 1959 Etenim
717 1892 1037 1984 privatos,
1088 1917 1381 1984 quorum
1407 1915 1681 1984 semper
1708 1894 1913 1982 aliqui
1944 1893 2147 1962 rudes
2181 1902 2331 1961 eunt
2364 1901 2431 1962 et
2462 1893 2649 1961 fero-

412 2014 528 2062 ces
544 2041 566 2078 ,
604 1995 806 2062 facile
839 1995 929 2064 ad
971 1997 1281 2065 iniuriam
1306 1998 1419 2065 vel
1457 1997 1621 2068 levis
1645 1995 1907 2070 offensa
1923 2048 1942 2082 ,
1993 1996 2117 2062 nisi
2153 2007 2335 2066 metu
2383 2017 2648 2087 poenae

411 2106 887 2184 coerceantur,
940 2099 1352 2171 exstimulata
1401 2099 1701 2190 populos
1732 2108 1980 2181 autem,
2026 2098 2149 2168 nisi
2182 2098 2298 2186 qul
2331 2098 2410 2166 iis
2442 2108 2647 2187 prae-

414 2207 602 2283 sunt,
654 2200 911 2270 bellum
941 2203 1094 2292 geri
1115 2203 1351 2286 velint,
1402 2201 1782 2294 aegerrime
1813 2223 1999 2269 arma
2032 2222 2185 2268 cum
2211 2201 2404 2290 pacis
2450 2210 2647 2271 trau·-

409 2301 742 2390 qnillitate
776 2314 1193 2374 commutare
1222 2304 1565 2374 videmus:
1616 2305 1733 2394 qni
1764 2327 1974 2392 quum
2009 2303 2084 2371 id
2131 2303 2384 2372 faciunt
2415 2302 2547 2393 ipsi
2582 2312 2648 2370 et
2684 2320 2687 2324 ’

267 2454 277 2465 ,
411 2414 656 2496 sponte
682 2430 840 2492 sua,
890 2429 1028 2475 non
1054 2408 1124 2476 in
1157 2408 1324 2476 alios
1351 2407 1692 2499 populos,
1744 2407 1865 2475 sed
1900 2407 1970 2473 in
1998 2429 2151 2478 suos
2195 2406 2500 2498 ipsorum
2535 2414 2646 2494 ty·-

413 2531 691 2594 raunos,
743 2519 820 2577 ut
849 2512 937 2579 ab
968 2511 1109 2600 his,
1158 2534 1297 2580 non
1329 2513 1418 2578 ab
1469 2512 1619 2579 iuis
1643 2510 1845 2595 laesi,
1893 2510 2260 2600 insurgunt
2362 2509 2471 2581 Ex
2503 2531 2643 2596 qno

406 2604 725 2703 'apertum
758 2623 895 2699 est,
945 2613 1132 2685 hunc
1163 2615 1438 2684 demum
1464 2615 1724 2683 honum
1755 2637 1896 2683 esse
1922 2613 2259 2686 et·iustum
2294 2620 2364 2679 et
2406 2611 2643 2681 utilem

413 2738 684 2806 regem,
736 2718 853 2806 qui
898 2718 1150 2796 alienus
1194 2718 1283 2786 ab
1324 2718 1444 2787 illa
1487 2716 1751 2809 gloriae
1803 2717 2211 2808 cupiditate,
2275 2737 2453 2802 quae
2498 2714 2646 2786 lae·-

412 2818 655 2886 ‹lendis
697 2821 846 2888 aliis
897 2822 1214 2912 gentibus
1259 2821 1551 2913 paritur,
1605 2844 1762 2890 eum
1806 2818 2144 2912 populum
2163 2867 2183 2907 ,
2249 2840 2482 2906 quem
2498 2818 2644 2907 ipse

403 2922 793 3012 regendum
827 2925 1207 3015 acceperit,
1253 2934 1577 3013 quantum
1602 2924 1815 3015 possit
1862 2924 2133 3000 felicem
2173 2921 2462 3009 reddere
2502 2931 2644 2990 stu-

410 3024 591 3092 deat.
693 3027 859 3094 Esto
894 3028 1131 3112 enim,
1155 3036 1231 3095 ιιι
1262 3051 1470 3117 quem
1501 3027 1752 3095 multae
1794 3033 2147 3117 pugnatae
2169 3046 2467 3116 pugnae,
2499 3023 2644 3094 flasi

415 3127 774 3219 fugatique
811 3129 1150 3200 fortissimi
1196 3130 1573 3219 exercitus,
1593 3139 1837 3199 statuta
1857 3130 2030 3219 insig
2034 3129 2141 3201 nia
2169 3142 2474 3219 tropaea,
2524 3148 2641 3194 cas-
2741 3217 2743 3219 p

410 3243 571 3323 ptae
606 3256 898 3353 magnae
924 3234 1145 3321 urbest,
1178 3233 1562 3303 debellatae
1602 3232 2012 3306 clarissimae
2053 3239 2344 3324 gentes,
2365 3229 2641 3301 abducti

409 3338 748 3404 numerosi
815 3360 1066 3429 greges
1127 3337 1580 3429 captivorum,
1646 3335 1947 3429 praedae
1991 3336 2302 3427 ingentes
2346 3333 2640 3403 thesauri

409 3436 703 3506 domum
754 3441 974 3509 avecti
1032 3440 1293 3512 clarum
1338 3452 1709 3530 notumque
1754 3439 2044 3511 reddant
2100 3436 2418 3527 posteris·
2493 3436 2641 3523 quie

409 3524 658 3610 clarior
683 3541 794 3609 his
820 3544 1022 3611 rebus
1056 3546 1380 3614 omnibus
1420 3545 1552 3613 fuit
1592 3542 2018 3627 Alexandro,
2078 3562 2288 3630 „rege
2278 3538 2379 3607 M
2384 3537 2637 3605 noeao-

407 3640 571 3712 num
588 3693 609 3730 ,
662 3654 729 3713 et
761 3648 910 3734 quis
951 3635 1176 3718 tamen
1221 3657 1354 3731 est,
1413 3647 1482 3714 in
1530 3669 1670 3735 quo
1707 3646 1930 3738 magis
1978 3649 2338 3734 appareat,
2390 3649 2637 3729 quanta

405 3749 680 3818 stultitia
705 3749 787 3816 sit
804 3800 825 3839 ,
873 3754 1082 3818 unum
1109 3749 1460 3821 hominem
1493 3750 1622 3817 sibi
1653 3757 1871 3822 totum
1912 3748 2089 3815 velle
2138 3755 2465 3813 terrarum
2509 3764 2628 3811 or·-
2642 3754 2729 3816 lo

400 3852 565 3920 bem
595 3853 970 3922 subiicere?
996 3844 997 3847 ¹
1019 3853 1208 3950 quod
1238 3863 1314 3923 ut
1351 3850 1692 3946 perficiat,
1723 3851 1911 3940 quid
1935 3847 2137 3919 ¹aliud
2182 3869 2389 3937 quam
2434 3856 2631 3938 parte

404 3955 1163 4029 infinitesimaeimmemi
1193 3954 1392 4026 huius
1410 3955 1710 4027 ‘universi
1736 3955 2015 4026 subacta
2044 3975 2175 4023 una
2210 3972 2368 4023 cum
2388 3950 2633 4040 im'me-

405 4060 717 4126 morabili
746 4058 923 4149 hoe,
975 4060 1045 4133 in
1070 4080 1208 4148 qno
1236 4060 1555 4148 vivimuS,
1604 4058 2008 4152 pulvisculo,
2057 4056 2275 4131 multo
2314 4054 2461 4146 ipse
2497 4054 2629 4122 im·-

401 4162 907 4232 memorabilior
921 4211 943 4248 ,
993 4162 1309 4233 occidet?
1373 4162 1518 4232 Sed
1562 4161 2027 4233 Alexandrum
2062 4167 2287 4229 tamen
2332 4157 2434 4227 rid
2442 4180 2629 4227 emus

167 4292 174 4297 ·
284 4337 291 4342 ,
402 4265 623 4355 magis
638 4313 659 4350 ,
711 4287 914 4353 quam
945 4274 1020 4336 ut
1061 4266 1124 4333 ei
1166 4265 1631 4357 indignemur,
1682 4265 1872 4356 quod
1914 4285 2321 4356 generosum
2356 4260 2627 4331 adoles-

403 4379 670 4438 centem
721 4390 859 4437 non
894 4377 1119 4437 tamen
1163 4368 1437 4437 avaritia
1479 4378 1596 4436 aut
1640 4371 1772 4441 alia
1811 4369 2024 4461 turpis
2065 4365 2434 4459 cupiditaS,
2502 4363 2624 4431 sed
2699 4420 2706 4428 .

401 4472 583 4541 solus
613 4471 878 4565 gloriae
905 4471 1386 4543 immoderatus
1417 4494 1609 4544 amor
1639 4472 1966 4547 ducebas:
2013 4470 2201 4564 quod
2222 4476 2465 4565 contra
2499 4467 2624 4535 aba
