3325 5317
631 397 721 464 72
934 423 943 434 ·
1172 392 1289 457 m:
1346 391 1812 460 Anscnrm
1878 390 2286 457 cuvms
2435 468 2445 476 ⁴
2527 405 2536 432 ι

631 562 970 650 Σικελίας
1011 561 1263 664 ἦλθεν.
1362 565 1627 640 Probus
1653 566 1724 636 in
1760 564 2184 658 praefatione
2213 564 2306 635 ad
2331 562 2612 657 Virgilii
2647 564 2870 635 buco-

631 670 807 741 lica:
864 668 1187 756 Orestes,
1226 676 1396 764 post
1421 670 1908 763 parricidium
1932 667 2231 762 furens,
2293 689 2630 761 responso
2666 668 2867 737 didi-

632 772 765 859 cit,
813 772 1007 866 quod
1033 772 1417 865 deponeret
1438 772 1777 866 furorem
1810 772 1915 844 ita
1948 772 2234 868 demwn
2248 818 2271 858 ,
2326 771 2391 840 si
2429 778 2884 863 recuperata·

629 896 876 949 sorore
902 874 1296 969 Iphigenia
1330 873 1743 946 ablueretur
1758 872 2000 971 fluvio
2016 922 2039 962 ,
2087 874 2211 969 qui
2236 880 2506 966 septem
2529 871 2866 966 flumini-

633 975 765 1048 bus
819 978 1387 1072 confunderetur.
1486 976 1640 1048 Diu
1701 984 2040 1061 vexatus,
2131 999 2347 1070 quum
2401 976 2475 1045 in
2548 975 2888 1045 Taurica-

630 1079 1098 1175 Iphigeniam
1169 1081 1548 1175 reperisset
1563 1129 1586 1169 ,
1676 1081 1866 1151 venit
1926 1080 2034 1157 ad
2088 1079 2293 1176 fines
2342 1078 2868 1171 Rhegium-um,

629 1182 864 1276 ibique
915 1186 1191 1254 invento
1218 1182 1531 1279 flumine
1583 1183 1813 1254 elutus
1868 1184 2152 1254 traiecit
2197 1183 2270 1251 in
2325 1181 2670 1253 Siciliam.
2771 1181 2869 1252 Et

629 1287 867 1380 paullo
905 1297 1095 1380 post.
1145 1287 1354 1357 huius
1394 1295 1634 1357 autem
1651 1285 2023 1382 fluminis,
2092 1286 2295 1379 apud
2336 1285 2527 1378 quod
2564 1305 2864 1378 purga·

628 1398 746 1459 tus
801 1396 905 1459 est
961 1389 1284 1477 Orestes,
1367 1389 1602 1460 Varro
1656 1390 1972 1459 meminit
2014 1386 2521 1459 Humanarum
2573 1386 2694 1462 Χ.
2724 1386 2867 1456 sic·

630 1493 837 1563 iuxta
873 1492 1246 1587 Rhegium
1272 1491 1485 1589 fluvii
1507 1492 1813 1562 continui
1842 1499 2151 1585 septem,
2198 1471 2664 1584 Latapadon,
2712 1487 2868 1559 Ma·-

628 1595 897 1690 godes,
981 1596 1334 1691 Eugyon,
1415 1594 1820 1682 Stacteros,
1904 1595 2193 1681 Polme,
2272 1594 2647 1680 Meleissa,
2712 1591 2868 1663 Ar-

626 1699 947 1792 geades:
994 1700 1067 1769 in
1114 1699 1229 1769 his
1269 1723 1322 1769 a
1341 1699 1599 1769 matris
1627 1721 1802 1769 nece
1840 1698 2105 1767 dicitur
2145 1704 2519 1791 purg-atus
2554 1695 2866 1782 Orestes,
2913 1771 2919 1776 ,

626 1800 862 1895 ibique
903 1801 1034 1871 diu
1057 1800 1298 1895 fuisse
1338 1825 1611 1889 ensem,
1679 1810 1747 1871 et
1802 1799 1899 1871 ab
1948 1825 2050 1871 eo
2074 1799 2541 1897 aedificatum
2578 1798 2868 1894 Apolli-2

625 1905 739 1973 nis
768 1905 1143 1998 templum:
1194 1907 1391 1978 cuius
1433 1906 1587 1975 loco
1616 1904 2027 2002 Rheginos,
2088 1926 2301 1998 quum
2336 1901 2663 1997 Delphos
2682 1924 2868 1997 pro-

602 2005 1151 2106 ficiscerentur,
1215 2009 1546 2080 lauream
1577 2008 1966 2101 decerpere
2006 2008 2278 2095 solitos,
2331 2030 2546 2099 quam
2575 2005 2870 2100 ferrent

625 2127 891 2181 secum.
991 2109 1179 2182 Item
1226 2112 1409 2183 Cato
1444 2112 1516 2181 in
1566 2110 1991 2207 Originibus
2018 2111 2224 2180 tertio
2237 2135 2261 2179 .·
2309 2109 2633 2204 Rhegini
2672 2109 2867 2179 Tau-

624 2213 853 2285 rocini
901 2222 1250 2286 vocantur
1291 2215 1388 2285 de
1423 2212 1663 2309 fluvio
1680 2264 1702 2302 ,
1755 2216 1876 2308 qui
1917 2212 2399 2309 praeterfluit.
2519 2212 2620 2284 Id
2660 2212 2869 2306 oppi-

626 2316 804 2387 dum
855 2316 1180 2389 Aurunci
1217 2318 1467 2412 primo'
1502 2309 2015 2414 possederunt,
2079 2318 2249 2389 inde
2298 2316 2574 2386 Achaei
2650 2313 2899 2398 Troia,

625 2419 919 2492 domum
975 2420 1371 2492 redeuntes.
1492 2420 1584 2490 In
1649 2443 1896 2491 eorum
1946 2443 2140 2514 agro
2193 2418 2416 2515 fluvii
2479 2421 2650 2491 sunt
2699 2427 2829 2489 sex
2840 2440 2872 2499 ‚-

623 2524 964 2617 septimus
979 2521 1183 2621 fines
1210 2524 1713 2618 Rheginorum
1755 2533 1968 2618 atque
2004 2523 2392 2594 Taurinum
2428 2524 2868 2616 dispescas,
2852 2543 2871 2562 ·

604 2623 844 2723 fluvio
890 2649 1142 2698 nomen
1202 2635 1306 2699 est
1345 2627 1746 2702 Paccolico.
1874 2625 2200 2698 Orestem
2258 2649 2420 2697 cum
2477 2625 2872 2721 Iphigenia

626 2737 845 2821 atque
901 2729 1194 2822 Pylade
1245 2730 1495 2799 dicunt
1553 2738 1960 2800 maternam
2007 2752 2253 2808 necem
2318 2731 2685 2823 eapiatum
2742 2750 2870 2797 ve-

626 2832 848 2917 nisse,
900 2839 969 2901 et
1015 2855 1155 2901 non
1195 2832 1591 2926 longinqua
1634 2832 1981 2902 memoria
2035 2839 2172 2920 est,
2224 2856 2438 2926 quum
2486 2833 2560 2903 in
2608 2830 2872 2903 arbore

627 2953 866 3016 ensem
906 2934 1249 3022 viderint,
1301 2957 1508 3029 quem
1559 2933 1849 3007 Orestes
1893 2933 2137 3005 abiens
2173 2937 2538 3030 reliquisse
2584 2933 2867 3007 dicitur.

625 3038 909 3109 Prorsus
946 3036 1125 3110 haec
1168 3038 1587 3109 tenebricosa
1621 3048 1802 3109 sunt:
1865 3038 2443 3131 praetermisitque
2494 3036 2872 3124 cluverius,

628 3140 740 3218 cui
784 3149 1009 3210 tamen
1050 3142 1229 3211 lecta
1269 3141 1472 3212 fuisse
1518 3163 1601 3211 ex
1655 3167 1730 3235 p.
1777 3140 2005 3229 1298,
2060 3141 2182 3211 24.
2242 3144 2550 3236 colligaS.
2654 3139 2869 3233 Apud

629 3240 1230 3316 commentatorem
1287 3244 1645 3317 Theocriti
1714 3246 1786 3315 in
1835 3267 2089 3341 magno
2160 3268 2485 3316 consensu
2551 3244 2906 3316 codicum.

626 3368 800 3417 unus
833 3342 1217 3445 διαφόροις
1242 3355 1602 3442 ποταμοῖς
1627 3348 1859 3418 habet.
1961 3348 2176 3442 Apud
2203 3349 2624 3418 Varronem
2605 3372 2675 3417 ιιι
2706 3346 2867 3417 edd.

625 3451 834 3543 primi
872 3451 1159 3519 fluminis
1191 3472 1440 3520 nomen
1466 3452 1777 3521 scribitur
1799 3451 2346 3544 Latopodonar,
2398 3451 2674 3522 secundi
2695 3451 2869 3543 My-

628 3553 896 3650 godes,
948 3556 1170 3646 quarti
1215 3553 1598 3625 stacten-es.
1700 3555 1915 3647 Apud
1948 3555 2159 3624 Gabr.
2188 3555 2560 3656 Barriqm
2539 3578 2611 3624 ιιι
2642 3555 2870 3623 Grae-

628 3658 720 3725 vii
767 3656 982 3728 Thes.
1035 3659 1266 3749 Antiq.
1326 3658 1566 3727 Italiae
1602 3657 1693 3727 Τ.
1743 3658 1863 3728 lx.
1916 3659 1996 3728 P.
2045 3658 2133 3728 V.
2183 3684 2255 3753 p.
2309 3657 2432 3727 68.
2488 3657 2869 3752 Lapadon,

626 3756 989 3847 Micodes,
1039 3761 1370 3856 Eugion,
1421 3759 1864 3848 Stracteros,
1914 3760 2244 3847 Polmae,
2291 3762 2693 3849 Meleissa,
2712 3760 2866 3831 Ar-

626 3862 962 3983 geades,
1012 3876 1358 3936 vocantur.
1489 3865 1755 3935 Vmbra
1807 3865 2147 3954 quaedam
2206 3866 2458 3935 horum
2519 3865 2867 3934 nominum

627 3964 869 4037 mansit
913 3966 984 4034 in
1035 3968 1386 4090 oppidulis
1433 3970 1682 4040 Parma
1695 4016 1719 4055 ,
1782 3968 1918 4038 sive
1956 3968 2229 4056 Palma,
2296 3978 2500 4060 atque
2544 3967 2865 4051 Arciade,

535 4067 727 4139 'h'vde
813 4085 1133 4158 quorum
1187 4073 1419 4163 priore
1497 4073 1774 4142 Barrius
1861 4095 1935 4164 p.
2023 4070 2144 4139 71.
2227 4072 2312 4141 E.
2392 4080 2461 4142 et
2516 4070 2865 4140 Cluverius

630 4194 705 4265 p.
759 4168 988 4259 1293,
1041 4172 1164 4248 33.
1235 4173 1326 4245 de
1380 4175 1596 4244 altero
1650 4173 1837 4243 idem
1877 4196 1949 4265 p.
1983 4171 2219 4261 1293,
2273 4173 2393 4243 28.
2447 4171 2690 4260 1298,
2742 4170 2865 4247 22.

629 4274 845 4346 Aliud
870 4275 1244 4368 oppidum,
1294 4276 1612 4362 Melissa,
1660 4275 1852 4367 quod
1877 4277 2151 4347 Barrius
2179 4301 2253 4370 p.
2270 4275 2443 4346 154.
2475 4276 2556 4347 C.
2589 4286 2658 4347 et
2680 4276 2848 4346 Ma-

633 4379 909 4450 rafiotus
936 4379 1066 4480 Ιἴοι.
1099 4378 1273 4450 204.
1303 4379 1394 4452 ab
1423 4378 1679 4452 Ovidio
1713 4378 1886 4452 Met.
1914 4378 2063 4451 XV.
2101 4376 2226 4451 52.
2253 4388 2699 4453 memoratum
2723 4402 2862 4474 pu-
