3325 5317
847 475 1333 544 THEsAvm
1388 475 2055 538 STEPHANIANI.
2127 517 2135 527 .
2306 567 2313 572 .
2376 461 2382 469 '
2440 479 2566 542 241

327 656 430 720 est
458 642 894 745 βαρυδότωρ
922 644 997 717 'in
1036 639 1273 719 Indice
1301 648 1650 740 Aeschyli.
1749 648 1885 719 Illa
1921 648 2062 718 duo
2098 649 2310 719 altera
2341 657 2568 718 autem

322 754 603 822 variant.
721 753 802 821 In
847 753 925 820 iis
980 752 1122 832 hoc
1176 762 1363 823 recte
1405 756 1844 822 observarunt
1887 753 2204 822 Editores
2224 802 2244 838 ,
2320 775 2570 844 prosae

325 856 646 924 orationis
668 857 1039 946 scriptores
1059 847 1344 925 'brevem
1375 859 1686 925 vocalem
1715 879 2076 947 usurparet
2120 866 2570 948 poterantque

262 1012 264 1014 .
325 961 402 1032 in,
441 981 593 1027 eam
637 981 782 1027 rem
825 959 1240 1050 aptissimum
1289 960 1680 1050 exemplum
1722 959 2001 1047 afferre,
2053 953 2435 1057 βιοδότης,
2489 980 2574 1027 ex

324 1062 631 1132 Platonis
673 1063 789 1130 lib.
839 1064 925 1129 xi.
960 1061 1053 1130 de
1080 1064 1310 1155 Legg.
1356 1087 1429 1155 p.
1467 1061 1640 1131 921.
1680 1064 1767 1135 A.
1814 1072 1921 1149 et,
1972 1062 2163 1151 quod
2205 1084 2288 1131 ex
2331 1062 2572 1131 Iuliani

327 1175 495 1242 orat.
523 1163 622 1232 iv.
659 1187 730 1256 p.
771 1165 945 1233 148.
988 1165 1074 1233 D.
1118 1175 1774 1251 commemorarunt,
1825 1159 2240 1263 χαριδότης,
2293 1165 2572 1234 Plutar-

328 1268 445 1338 chi
499 1268 771 1364 firmare
814 1270 1207 1338 auctoritate
1254 1271 1323 1336 in
1367 1270 1663 1338 Antonio
1732 1291 1791 1338 c.
1844 1267 1964 1337 24.
2014 1269 2104 1337 Τ.
2154 1292 2218 1335 v.
2269 1290 2341 1360 p.
2396 1267 2568 1337 139.

325 1372 564 1441 Reisk.
590 1373 730 1440 sive
769 1396 841 1464 p.
889 1368 1113 1446 1695.
1166 1371 1410 1464 Steph.
1463 1373 1694 1442 Poetis
1733 1382 2017 1461 utraque
2067 1372 2291 1440 forma
2334 1372 2573 1440 usitata

326 1484 457 1559 est,
510 1497 639 1565 pro
684 1475 884 1543 metri
927 1476 1429 1552 commoditate.
1534 1476 1679 1545 Sed
1733 1498 1869 1543 nou
1919 1483 2148 1543 tamen
2204 1484 2573 1566 propterea

328 1580 650 1648 continuo
688 1572 1283 1674 τελεσσιὸὥτειρα
1321 1579 1756 1671 probandum
1799 1577 2101 1664 videtur,
2175 1586 2253 1646 ut
2289 1576 2573 1646 fortasse

325 1704 464 1749 non
523 1682 761 1749 iniuria
822 1682 1181 1751 Elmsleius
1231 1681 1372 1752 hoc
1434 1705 1820 1775 repugnare
1887 1682 2243 1773 analogiae
2311 1680 2583 1762 dixerit,

323 1786 489 1853 licet
537 1786 656 1852 ille
703 1786 940 1870 aliam,
1019 1809 1101 1879 ac
1144 1785 1479 1870 debebat,
1563 1786 1948 1878 analogiam
2001 1793 2331 1875 spectans.
2457 1784 2572 1851 Ab

323 1888 562 1957 Atticis
593 1889 769 1956 enim
797 1888 1093 1956 formam
1124 1889 1311 1956 illam
1346 1889 1712 1958 abiudicat.
1814 1890 1908 1958 At
1939 1889 2007 1955 in
2039 1889 2326 1980 poeticis
2357 1908 2570 1956 voca-

325 1991 502 2059 bulis
543 1992 767 2060 nullus
800 2001 913 2059 aut
938 1993 1348 2083 perexiguus
1378 2001 1475 2060 est
1521 1991 1801 2060 dialecti
1840 2014 2031 2076 usus,
2085 1990 2206 2058 sed
2249 1991 2364 2058 illa
2408 2013 2571 2081 spe-

325 2094 572 2164 ctanda·
604 2104 702 2164 est
735 2096 1050 2185 analogia
1068 2142 1088 2179 ,
1141 2118 1317 2183 quae
1361 2095 1666 2162 universe
1707 2094 1895 2185 apud
1927 2105 2166 2185 poetas
2197 2095 2570 2161 formarum

320 2198 658 2266 varietatis
689 2198 1020 2286 inventrix
1060 2197 1209 2265 fuit.
1310 2197 1576 2266 Pendet
1609 2220 1692 2266 ea
1725 2206 1952 2266 autem
1993 2218 2076 2265 ex
2118 2197 2385 2265 duobus
2425 2196 2572 2286 pri-

318 2303 548 2369 mariis
565 2348 586 2386 ,
638 2290 1012 2389 iisdemque
1060 2301 1520 2389 antiquissimis
1560 2301 1790 2382 metris
1808 2350 1830 2382 ,
1895 2300 2236 2390 dactylico
2288 2309 2357 2367 et
2397 2289 2572 2366 iam-

289 2404 481 2472 Abico
500 2455 520 2491 ‚
575 2413 775 2491 atque
816 2426 898 2472 ex
941 2403 1047 2470 his
1085 2425 1357 2493 quoque
1389 2403 1804 2493 dactylicum
1838 2405 2136 2493 aliquam
2189 2423 2571 2494 praeroga·-

269 2544 273 2548 ·
321 2508 528 2574 tivam
576 2505 845 2576 habet..
929 2507 1112 2577 Hinc
1173 2516 1240 2575 et
1286 2506 1463 2576 haec
1518 2507 1894 2593 vocabula,
1977 2530 2153 2596 quae
2216 2530 2257 2573 a
2309 2505 2570 2597 δίδωμι
2626 2579 2631 2588 ,

321 2611 508 2679 facta
550 2620 731 2695 sunt,
802 2619 868 2684 et
910 2610 1205 2701 plurima
1247 2611 1417 2696 alia,
1480 2612 1577 2679 ita
1623 2611 1931 2681 videmus
1979 2609 2357 2701 composita
2403 2630 2569 2693 esse,

322 2724 399 2782 ut
447 2722 562 2781 aut
608 2714 700 2782 ad
733 2713 1144 2803 dactylicum
1187 2737 1401 2806 genus
1419 2763 1439 2799 ,
1494 2723 1610 2783 aut
1654 2714 1745 2782 ad
1776 2714 2144 2783 iambicum
2176 2734 2569 2783 accommo-

299 2817 663 2894 darentur.
716 2823 720 2828 ”
766 2817 1007 2886 Neutri
1050 2840 1214 2887 vero
1266 2819 1503 2910 generi
1553 2827 1714 2909 apta
1762 2827 1861 2886 est
1900 2817 2076 2886 haec
2122 2817 2381 2901 forma,
2434 2842 2568 2887 τε-
2662 2857 2674 2867 -

326 2914 838 3018 λεσσιδῶτειρα
861 2975 888 3010 ,
955 2943 1160 3010 quam
1229 2921 1552 3011 dactylici
1632 2922 1896 2989 numeri
1958 2913 2567 3018 τελεσσιδότειρα,

324 3024 598 3092 iambici
635 3025 1389 3104 autemutwoedffing
1449 3021 1591 3092 esse
1635 3025 2094 3115 postulabant.
2154 3023 2313 3108 Quo
2345 3022 2563 3113 magis

255 3204 262 3211 ,
323 3136 702 3218 suspectam
764 3126 1096 3195 habemus
1143 3121 1355 3195 ‘istam
1418 3129 1820 3218 scripturam
1889 3126 2075 3218 apud
2132 3125 2659 3216 Euripidem,]s

320 3232 715 3321 praesertim
747 3227 958 3319 quum
1006 3230 1210 3300 codd.
1259 3231 1353 3299 ibi
1382 3226 1964 3326 τελεσσιὸότειρα
1997 3232 2389 3323 praebeant.
2474 3229 2570 3298 Et

320 3333 462 3402 hoc
506 3334 782 3422 quidem
824 3334 1101 3403 defendi
1146 3335 1426 3402 fortasse
1458 3338 1749 3425 poterit,
1798 3336 2039 3403 ultima
2079 3356 2215 3401 non
2247 3333 2407 3400 elisa
2426 3382 2447 3418 ,
2501 3340 2570 3398 et

320 3437 390 3503 in
441 3436 861 3527 antistropha
903 3439 1146 3506 inserto
1205 3465 1277 3509 τι
1321 3448 1471 3505 ante
1522 3439 1944 3534 παραιρῶνι
1995 3436 2115 3505 sed
2143 3438 2433 3504 fatemur
2456 3442 2564 3499 ta-

319 3563 516 3624 men,
585 3539 844 3608 hiatum
895 3541 964 3608 in
1018 3541 1154 3608 fine
1199 3539 1399 3608 huius
1443 3563 1672 3609 versus
1717 3542 1910 3609 nobis
1955 3561 2092 3607 non
2143 3558 2565 3628 magnopere

317 3644 617 3734 placere.
722 3644 954 3729 Quare
991 3666 1337 3729 veremur,
1389 3666 1476 3712 ne
1520 3645 1590 3711 in
1637 3642 2059 3733 antistropha
2096 3635 2566 3736 φρονήματος

320 3769 404 3815 ex
450 3747 996 3838 interpretatione
1035 3757 1389 3837 receptum
1434 3746 1552 3830 sit,
1623 3758 1831 3837 poeta
1870 3756 2094 3815 autem
2139 3745 2234 3811 sic
2278 3742 2563 3827 dederit,

318 3850 469 3922 τῶν
506 3846 769 3923 α’δίκων
799 3879 873 3923 τι
899 3851 1280 3947 παραιρῶν
1305 3842 1665 3945 Λήματος
1699 3848 1861 3921 αἰεί.
1970 3848 2330 3917 Caeterum
2374 3844 2564 3934 quod

318 3953 544 4021 obiter
594 3954 854 4021 addunt
890 3955 1261 4022 doctissimi
1285 3954 1627 4020 ‘Editores
1646 4002 1666 4037 ,
1736 3954 1804 4019 in
1847 3952 2147 4020 Bekkeri
2194 3949 2564 4019 Anecdotis

315 4055 358 4122 i.
400 4079 474 4147 p.
504 4054 676 4125 361.
705 4080 836 4149 pro
863 4050 1234 4155 Αἰγύπτης
1263 4056 1691 4126 scribendum
1725 4055 1850 4124 sibi
1881 4056 2100 4126 videri
2130 4048 2563 4148 Λίγιβότης,

314 4162 429 4227 v‘el
473 4156 923 4259 Αἰγοβότης,
986 4159 1061 4228 id
1103 4161 1297 4227 nobis
1348 4159 1623 4249 quidem
1676 4181 1917 4249 parum
1964 4158 2323 4240 verisimile
2367 4157 2565 4225 vide-

315 4272 463 4349 tur,
517 4265 678 4352 quia
709 4265 943 4340 addita
968 4263 1427 4355 interpretatio
1476 4256 1818 4360 συβότης,
1882 4255 2181 4353 νομεύς,
2234 4282 2374 4329 uon
2393 4259 2564 4328 -satis

317 4359 627 4455 quadrat.
731 4367 1194 4437 Periculosum
1243 4376 1342 4434 est
1359 4415 1380 4452 ,
1450 4365 1838 4434 huiusmodi
1879 4368 2090 4435 verba
2130 4376 2387 4435 tentare
2406 4411 2426 4447 ,
2481 4381 2564 4430 ac

319 4480 647 4561 praestat,
728 4480 804 4538 ut
866 4492 988 4538 uos
1059 4470 1336 4560 quidem
1397 4492 1744 4541 censemus
1762 4522 1783 4559 ,
1866 4469 2260 4562 exspectare
2279 4516 2300 4554 ,
2395 4465 2561 4533 dum

420 4574 665 4645 HERM.
722 4572 856 4644 ΟΡ.
906 4574 993 4643 11.
1393 4643 1397 4650 ,
2109 4572 2175 4657 Q
