3325 5317
1143 414 1789 519 nlssERTAtrlo
2176 503 2183 510 .
2252 521 2259 526 ,
2450 421 2579 528 im

317 633 590 723 tingere
616 651 784 721 caya
818 626 995 700 caeli
1031 629 1380 713 videntum
1428 630 1600 702 alius
1614 678 1636 716 ,
1688 629 2024 723 gloriosus
2052 638 2283 715 antea,
2328 630 2399 700 in
2441 654 2569 700 un-
2588 638 2673 719 18

320 735 425 805 dis
465 734 715 827 periit,
781 733 900 823 qui
948 742 1048 818 est
1094 733 1544 824 Μενοίτιος,
1610 735 1983 806 Petiletus..
2058 736 2278 805 Terra
2330 735 2583 826 potifis,

318 839 490 907 alius
532 837 835 931 sollertia
883 860 1004 905 sna
1022 886 1045 923 ,
1105 861 1285 928 quae
1329 837 1421 906 ad
1461 838 1668 907 vitam
1705 839 2205 924 sustentandam
2245 860 2417 930 opus
2471 862 2582 908 es-

316 950 501 1027 sent,
556 941 854 1034 paravit,
906 964 1114 1030 quem
1164 945 1577 1036 Προμηθέα
1596 990 1617 1027 ,
1682 943 2113 1034 Prospicem,
2169 965 2323 1018 esse,
2358 963 2582 1032 appa-

314 1055 459 1125 ret3
512 1046 728 1115 alium
741 1091 764 1130 ,
801 1044 1085 1116 inenem
1099 1091 1122 1130 ,
1172 1044 1346 1112 nihil
1385 1045 1509 1113 nisi
1538 1045 1982 1137 navigationis
2027 1055 2376 1137 susceptae
2401 1068 2586 1136 poe-

314 1149 550 1218 nituit:
584 1149 796 1243 ,isque
842 1141 1303 1242 Ἐπιμηθοὺς
1350 1157 1483 1234 est,
1531 1150 1922 1218 Poenituus.
2026 1150 2134 1218 De
2162 1149 2582 1219 Prometheo

313 1253 554 1343 plures
597 1249 787 1342 apud
826 1251 1213 1333 Hesiodum
1245 1251 1522 1320 fabulae
1555 1253 1957 1332 coniunctae
1998 1253 2327 1323 videntur.
2429 1254 2585 1330 An·-

312 1354 694 1447 tiquissima
737 1353 928 1425 haud
975 1354 1185 1426 dubie
1225 1363 1324 1424 est
1337 1403 1358 1442 ,
1407 1378 1586 1445 quae
1614 1357 1992 1427 continetur
2035 1381 2097 1427 ν
2125 1351 2583 1432 521—531.

315 1459 430 1529 Ea
471 1481 691 1550 quum
737 1480 1039 1532 caussam
1078 1460 1340 1547 nullam
1384 1470 1751 1547 memoret,
1827 1484 2062 1549 quare
2078 1460 2337 1540 vinctus
2377 1460 2587 1530 fuerit

315 1562 778 1634 Prometheus
797 1610 819 1648 ,
885 1562 1008 1632 sed
1059 1563 1455 1655 simpliciter
1512 1565 1878 1634 liberatum
1924 1588 2111 1634 eum
2130 1567 2219 1636 ab
2257 1563 2584 1647 Hercule,

315 1666 680 1738 interfecta
695 1714 718 1753 ,
789 1688 969 1757 quae
1019 1688 1142 1737 cor
1198 1668 1265 1736 ei
1313 1666 1681 1755 exedebat,
1766 1669 2032 1757 aquila,
2078 1668 2328 1754 dicat,
2407 1666 2586 1736 nihil

319 1770 517 1839 aliud
570 1770 829 1856 innuit,
900 1794 1107 1861 quam
1149 1770 1323 1840 curis
1381 1782 1671 1864 propter
1708 1771 2140 1849 interclusam
2181 1794 2378 1863 spem
2419 1771 2584 1848 red-

319 1874 533 1943 eundi
559 1858 1147 1946 contabescentem
1161 1923 1182 1960 ,
1233 1897 1446 1964 quum
1493 1876 1610 1945 alii
1649 1884 1917 1944 strenue
1952 1876 2281 1969 superatis
2305 1875 2584 1966 pericu-

318 1977 401 2045 lis
458 1976 558 2045 ad
594 2001 677 2047 ea
720 1976 881 2049 loca
929 1978 1382 2070 appulissent,
1435 2002 1519 2048 ex
1565 1980 1759 2048 malis
1804 1990 2137 2049 servatum
2169 2001 2331 2048 esse.
2435 1978 2586 2047 Re·-

318 2083 589 2152 centior
629 2080 968 2170 quaedam
1010 2082 1246 2150 fabula
1292 2082 1560 2158 vincula
1603 2105 1902 2173 poenam
1956 2106 2099 2156 esse
2139 2082 2375 2155 voluit.
2479 2083 2587 2150 Ea

316 2207 471 2253 rem
507 2185 608 2254 sic
640 2185 973 2252 narrabat.
1076 2184 1459 2303 Naufragi
1440 2208 1510 2258 ιιι
1536 2186 1770 2262 locum
1800 2186 2047 2273 delati,
2096 2187 2219 2276 qui
2244 2207 2384 2253 non
2414 2206 2586 2255 cun-

320 2299 472 2357 ctos
505 2287 693 2356 alere
726 2295 993 2377 posset,
1041 2287 1294 2379 partim
1326 2289 1609 2380 perituri
1637 2299 1858 2358 erant:
1921 2290 1997 2358 id
2050 2291 2283 2374 enim,
2320 2308 2588 2379 oppor—

316 2399 489 2459 tune
532 2390 857 2470 indicium
908 2392 1285 2481 praebente
1321 2391 1738 2484 scholiasta,
1835 2392 1973 2466 his
1998 2393 2260 2463 verbis
2283 2415 2346 2464 v.
2403 2385 2582 2465 535.

316 2493 702 2563 indicatum
746 2502 880 2563 est·

535 2644 657 2721 καὶ
706 2640 845 2743 γάρ
878 2642 998 2721 ὅτ’
1036 2643 1408 2744 ἐκρίνοντο
1455 2647 1624 2723 θεοὶ
1666 2646 1942 2786 θνητοί
1987 2644 2050 2722 τ’
2095 2647 2484 2746 ἄνθρωποι

536 2744 861 2849 Μηκώνῃ
878 2800 901 2841 ,

323 2906 369 2972 i.
405 2930 466 2974 e.
503 2926 719 2993 quum
751 2903 842 2972 de
867 2903 1304 2974 diuturnitate
1327 2906 1599 2976 vivendi
1631 2913 1999 2998 certarent:
2048 2905 2168 2994 qui
2189 2905 2386 2975 locus
2413 2925 2585 2996 pro-r

324 3016 483 3100 pter
516 3009 962 3099 allegoricam
1002 3007 1291 3080 deorum
1320 3019 1388 3080 et
1418 3010 1777 3084 hominum
1810 3009 2339 3101 appellationem
2382 3008 2586 3079 valde

326 3111 788 3180 memorabilis
829 3120 944 3179 est.
1046 3112 1151 3179 Ibi
1196 3114 1405 3206 igitur
1445 3115 1681 3184 sollers
1711 3116 1833 3183 iste
1869 3134 2082 3203 quum
2119 3113 2588 3188 defraudasset

327 3216 666 3305 reliquoS‚
733 3215 1021 3337 cognito
1067 3213 1230 3286 dolo
1248 3266 1269 3303 ,
1339 3218 1650 3296 exclusus
1699 3220 1788 3287 ab
1834 3219 1968 3285 illis
2023 3226 2124 3286 est
2174 3241 2216 3285 a
2274 3238 2587 3285 commu-

329 3320 534 3388 nione
586 3319 801 3404 vitae,
877 3318 1162 3439 ignique
1212 3321 1277 3390 ei
1342 3321 1794 3395 interdictum.
1910 3322 2152 3410 Itaque
2192 3342 2403 3410 quum
2439 3320 2589 3411 ipse

328 3421 504 3513 ignis
540 3422 878 3504 excitandi
897 3422 1075 3491 viam
1111 3426 1506 3519 reperisset,
1556 3429 1681 3518 qui
1707 3428 1861 3495 fons
1888 3423 2179 3494 habetur
2214 3445 2444 3492 rerum
2494 3419 2586 3488 ad

330 3526 542 3594 vitam
585 3526 1144 3615 necessariarum,
1229 3539 1456 3600 tamen
1497 3554 1759 3623 poenas
1806 3529 2064 3602 fraudis
2118 3526 2311 3596 dedit
2358 3523 2586 3594 uxoris

326 3628 718 3724 improbo
698 3629 996 3722 ingenio.

540 3836 971 3907 Revertimur
1015 3836 1107 3905 ad
1148 3836 1511 3907 Saturnios.
1636 3836 1733 3905 Vt
1778 3844 1974 3908 antea
2022 3832 2425 3906 condendae
2469 3857 2585 3901 re-

333 3962 488 4022 rum
514 3949 797 4011 naturae
812 3989 835 4027 ,
883 3942 979 4010 ita
1013 3964 1194 4012 nunc
1234 3939 1696 4033 perficiendae
1722 3941 1936 4009 multa
1976 3940 2174 4010 fuere
2209 3939 2396 4010 irrita
2434 3946 2585 4007 ten-

334 4051 653 4119 tamenta.
771 4045 1015 4135 ltaque
1061 4054 1139 4114 ut
1182 4047 1446 4114 Vraniis
1500 4045 1675 4112 filios
1721 4064 1875 4113 suos
1891 4092 1913 4129 ,
1998 4045 2399 4133 simulatque
2447 4040 2587 4112 nati

335 4157 583 4234 essent,
641 4169 882 4218 rursus
921 4148 1424 4234 abscondebat,
1503 4149 1602 4218 ita
1642 4141 1971 4245 Κρόνος,
2054 4148 2196 4218 sive
2254 4145 2583 4234 Persicus,

336 4272 508 4340 quos
552 4251 925 4344 genuisset,
978 4253 1303 4343 deinceps
1349 4251 1707 4322 devorasse
1749 4251 2012 4320 dicitur.
2112 4250 2258 4330 Sed
2296 4249 2416 4340 qui
2453 4270 2585 4316 no-

338 4353 652 4425 vissimns
672 4365 866 4425 natus
913 4365 1044 4442 est,
1120 4356 1442 4441 Fervius,
1518 4356 1589 4426 in
1635 4378 1815 4445 quo,
1894 4356 2089 4447 quod
2137 4377 2277 4425 non
2317 4353 2581 4435 mirum,

339 4479 607 4553 semper
643 4471 941 4531 mentem
977 4481 1142 4532 cum
1184 4461 1251 4530 vi
1285 4468 1527 4533 cuncta
1568 4460 1901 4587 animante
1938 4460 2291 4578 confusam
2339 4455 2584 4534 meluit-
