3325 5317
639 480 924 543 REGIS
979 479 1588 544 SOLEMNIBVS
1630 478 2280 549 SEMISAEcvm
2458 486 2592 551 889

357 676 486 746 per
519 648 792 725 omnem
823 660 1153 723 terrarum
1188 654 1425 722 orbem
1446 654 2072 740 celebratissimum,
2120 654 2438 724 iuvenum
2469 656 2592 725 lit-

355 758 512 826 teris
535 779 818 848 operam
848 756 1234 827 navantium
1263 779 1400 825 non
1430 775 1715 827 numero
1756 758 1976 827 solum
1991 807 2014 843 ,
2065 758 2187 826 sed
2229 761 2432 827 etiam
2480 759 2593 827 di-

357 860 640 952 ligentia
668 869 742 929 et
772 860 966 929 bonis
996 860 1296 930 moribus
1319 860 1844 931 laudatissimam
1865 909 1887 947 ,
1937 860 2427 951 stipendiorum
2462 862 2591 932 de-
2643 951 2652 959 ἡ

358 966 565 1052 nique
594 971 664 1032 et
695 964 1153 1054 praemiorum
1191 964 1617 1033 multitudine
1648 988 1733 1036 ac
1771 964 2236 1055 magnitudine
2265 966 2359 1033 ad
2392 965 2594 1035 adiu-

358 1066 584 1134 vanda
610 1067 832 1134 studia
863 1067 1494 1158 opportunissimam
1509 1117 1530 1154 ,
1582 1068 1694 1138 cui
1721 1068 1995 1160 gemina
2027 1067 2148 1136 diu
2190 1069 2318 1136 fuit
2354 1077 2592 1162 erepta

360 1192 542 1239 nunc
593 1169 857 1238 crudeli
900 1170 1045 1238 fato
1103 1178 1173 1238 et
1212 1171 1479 1238 sublata
1524 1171 1895 1262 Viteberga
1911 1219 1934 1255 ,
1981 1192 2119 1239 non
2163 1173 2415 1263 poterit
2452 1194 2593 1240 non

360 1273 755 1364 gravissimo
794 1272 1017 1342 animo
1046 1273 1348 1341 venerari
1379 1273 1688 1342 eximiam
1721 1274 1954 1343 ans
1986 1295 2218 1342 curam
2246 1284 2452 1365 atque
2482 1276 2591 1344 in-

361 1375 680 1444 dustriam
699 1423 721 1461 ,
771 1376 891 1465 qui
905 1424 926 1460 ,
978 1399 1156 1465 quae
1195 1399 1238 1443 a
1279 1376 1642 1445 maioribus
1674 1378 2026 1467 praeclare
2057 1379 2351 1447 instituta
2390 1400 2597 1449 acce-

360 1487 592 1571 perat,
642 1501 780 1547 non
812 1479 1023 1548 modo
1063 1481 1553 1548 conservaverit
1597 1480 1864 1572 integra
1905 1489 2109 1569 atque
2149 1481 2384 1550 illaesa
2397 1530 2419 1570 ,
2470 1481 2598 1550 sed

362 1582 677 1650 omnibus
706 1581 930 1650 modis
963 1581 1324 1667 adiuverit,
1377 1581 1865 1668 emendaverit,
1919 1583 2176 1652 auxerit
2190 1632 2213 1670 ,
2263 1595 2469 1675 atque
2501 1584 2597 1654 ad

361 1706 698 1753 summum
758 1685 1088 1754 studuerit
1135 1685 1320 1753 floris
1385 1676 1733 1777 fastigium
1784 1686 2151 1760 adducere.
2253 1687 2371 1758 Ad
2417 1688 2597 1759 haec

359 1789 627 1880 singula
652 1787 946 1859 dicendo
982 1788 1296 1879 persequi
1322 1810 1737 1877 quamquam
1786 1798 1856 1856 et
1899 1789 2448 1859 iucundissimum
2477 1791 2597 1858 fo-

365 1899 467 1959 ret
481 1924 529 1975 ,·
565 1913 791 1979 neque
833 1893 922 1958 ab
970 1890 1170 1959 huius
1216 1890 1357 1958 diei
1395 1892 1818 1959 solemnitate
1856 1901 1973 1960 aut
2015 1895 2362 1963 sanctitate
2395 1892 2602 1963 huius

359 1994 604 2083 templi
631 1994 960 2061 alienum:
1008 2003 1235 2060 tamen
1261 1992 1331 2059 in
1366 1992 1713 2062 communi
1740 1993 2088 2064 universae
2132 1996 2392 2086 patriae
2441 1997 2650 2073 lae-0

311 2146 315 2148 ψ
358 2097 528 2180 titia,
581 2097 822 2184 quibus
856 2095 1316 2163 doctrinarum
1344 2096 1743 2163 tractatione
1775 2094 1865 2162 ad
1892 2096 2244 2164 liberalem
2274 2097 2606 2167 eruditio-

360 2221 521 2269 nem
548 2197 754 2267 evehi
783 2198 1102 2289 contigit,
1153 2219 1292 2264 non
1318 2221 1391 2266 se
1430 2198 1657 2289 potins
1681 2198 2058 2289 respicere,
2110 2221 2319 2288 quam
2362 2200 2457 2269 ad
2483 2226 2601 2288 ea,

361 2322 542 2392 quae
571 2301 829 2370 maiora
858 2311 1006 2369 sunt
1020 2348 1042 2385 ,
1095 2301 1389 2368 animum
1420 2300 1772 2370 advertere
1797 2347 1819 2385 ,
1869 2323 1999 2377 nec
2027 2303 2198 2390 quid
2240 2303 2477 2391 datum
2505 2305 2603 2385 „sit

361 2405 604 2496 magis,
656 2427 864 2494 quam
903 2428 948 2471 a
975 2426 1116 2494 quo
1150 2403 1232 2472 sit
1273 2404 1546 2488 datum,
1596 2403 2026 2473 considerare
2066 2427 2197 2496 par
2244 2416 2362 2475 est.
2463 2409 2630 2477 Ne-·

363 2530 502 2598 que
561 2509 740 2576 enim
783 2507 1189 2598 magnitudo
1234 2516 1679 2599 acceptorum
1722 2515 1939 2576 mater
1975 2517 2074 2575 est
2113 2515 2314 2578 verae
2354 2510 2602 2596 laudis,

366 2610 491 2679 sed
519 2611 695 2697 eius,
747 2612 868 2701 qui
900 2610 1188 2696 dederit,
1237 2609 1478 2692 virtus3
1526 2631 1656 2680 nec
1690 2609 1900 2702 digne
1925 2611 2082 2679 satis
2113 2611 2387 2683 nnana
2417 2614 2604 2683 colat

365 2715 421 2781 is
438 2766 459 2800 ‚
506 2715 625 2802 qui
653 2725 825 2804 quot
849 2715 939 2781 ab
983 2714 1095 2781 Eo
1132 2722 1202 2782 et
1242 2721 1494 2802 quanta
1541 2713 1887 2804 acceperit
1924 2714 2256 2785 beneficia
2295 2738 2601 2786 comme-

371 2828 629 2903 moret,
682 2818 806 2886 sed
835 2817 994 2903 ille,
1044 2818 1166 2906 qui
1197 2838 1406 2905 quam
1442 2839 1770 2909 magnum
1809 2817 1927 2901 sit,
1978 2817 2143 2887 dare
2190 2818 2348 2904 illa,
2395 2822 2603 2889 aesti-

367 2944 556 2988 mare
588 2920 919 2990 didicerit.
1021 2919 1487 3004 Quamobrem
1525 2919 1698 2988 nihil
1728 2920 1996 2988 videtur
2023 2944 2189 3006 esse,
2240 2922 2604 3008 auditores,

372 3025 445 3091 in
477 3046 617 3112 quo
646 3025 894 3092 rectius
925 3021 1103 3092 haec
1127 3023 1375 3092 versari
1404 3022 1618 3091 oratio
1643 3023 1882 3114 possit,
1926 3045 2133 3111 quam
2156 3024 2226 3092 in
2262 3047 2371 3111 eo,
2393 3088 2400 3094 ,
2420 3027 2607 3095 unde
2681 3076 2688 3081 -
2723 3032 2727 3037 '

369 3127 587 3194 omnis
623 3127 744 3194 illa
774 3126 1164 3212 admiratio,
1216 3149 1394 3215 quae
1416 3127 1564 3194 iure
1596 3124 1974 3215 meritoque
2002 3127 2200 3196 Rner
2225 3138 2454 3198 nostro
2475 3131 2632 3199 des..

371 3231 609 3315 betur,
677 3239 1022 3319 tamquam
1068 3250 1152 3301 ex
1204 3229 1398 3298 fonte
1442 3250 1566 3299 suo
1612 3239 2003 3322 promanat,
2069 3233 2606 3324 magnitudinem

371 3334 574 3400 animi
604 3333 763 3403 dico
798 3356 989 3422 eam,
1040 3356 1179 3423 qua
1222 3333 1354 3402 Ille
1383 3356 1529 3402 esse
1570 3335 1898 3426 optimus,
1946 3356 2156 3423 quam
2197 3335 2412 3404 videri
2453 3360 2606 3404 ma-

368 3435 515 3502 luit.
660 3435 858 3520 Quae
913 3437 1131 3509 animi,
1156 3436 1557 3528 magnitudo
1606 3437 2187 3526 quemadmodum
2236 3438 2644 3527 quondam,}

370 3560 582 3628 quum
635 3539 704 3605 in
747 3538 1215 3628 Αιιιρῖιὶαιτιει·9
1265 3561 1402 3608 uno
1453 3563 1536 3607 ex
1587 3549 1853 3631 septem
1897 3540 2179 3608 ducibus
2236 3540 2642 3628 Thebanis,.›

374 3641 649 3709 laudata
682 3654 855 3709 esset
889 3643 980 3709 ab
1018 3639 1362 3731 Aeschylo
1391 3651 1603 3732 poeta
1632 3642 2060 3710 nobilissimis
2093 3642 2395 3712 versibus
2412 3692 2435 3728 ,
2487 3655 2608 3711 ea'-

372 3768 510 3834 que
543 3744 778 3813 fabula
795 3794 818 3830 ,
867 3745 937 3813 in
970 3767 1107 3834 qua
1134 3754 1286 3813 sunt
1314 3745 1415 3812 illi
1442 3767 1665 3813 versus
1680 3794 1700 3830 ,
1752 3744 2039 3813 Athenis
2068 3754 2403 3836 ageretur,
2455 3747 2640 3815 uni-<2

374 3848 543 3916 versi
566 3849 815 3939 populi
838 3847 1263 3917 Athenifflsis
1282 3847 1581 3919 iudicio
1562 3871 1632 3915 m
1664 3847 1997 3935 Aristide,
2049 3848 2400 3916 iustissimo
2436 3851 2609 3935 viro,
2673 3850 2682 3856 “

374 3952 605 4042 agnita
630 3962 764 4019 est.
810 3952 906 4019 ita
937 3951 1114 4020 haec
1144 3950 1500 4019 hominum
1533 3960 1717 4020 aetas
1768 3974 2052 4040 ecquem
2104 3949 2348 4041 habet,
2399 3977 2636 4043 quem¹

295 4122 303 4129 ,
372 4053 614 4121 rectius
654 4077 815 4124 cum
861 4053 1161 4123 Aristide
1198 4055 1614 4165 comparari,
1655 4077 1751 4124 ac
1788 4055 2012 4146 magis
2043 4055 2180 4125 illa
2213 4080 2356 4125 esse
2407 4059 2612 4126 animi

372 4157 838 4246 magnitudine
899 4159 1339 4250 conspicuum
1355 4206 1377 4243 ,
1446 4177 1653 4247 quam
1712 4159 1988 4228 Rmnn
2027 4168 2332 4229 nostrum
2354 4209 2376 4247 ,
2440 4184 2610 4231 oon-⁴

374 4259 665 4328 sentiat?
1222 4320 1233 4331 ,
1388 4312 1395 4319 ,

578 4363 704 4433 Est
741 4371 966 4432 autem
989 4362 1167 4432 haec
1193 4324 1406 4452 quum
1437 4357 1711 4433 omnino
1736 4388 2034 4457 perrara
2025 4312 2251 4437 virtus
2267 4414 2288 4453 ‚
2339 4364 2610 4439 audito-

373 4488 500 4551 res,
550 4475 697 4536 tum
729 4467 805 4535 in
833 4467 1111 4558 regibus
1142 4488 1228 4536 eo
1258 4468 1509 4552 rarior,
1563 4488 1784 4558 eoque
1812 4470 2025 4562 pluris
2063 4469 2412 4640 ΐῖοὶὲιιᾶι,
2461 4488 2663 4558 quon
