3325 5317
1185 418 1855 483 mssEnTATlo.
1920 415 1925 424 ’
2562 425 2649 489 n
2711 466 2724 478 .

415 590 628 676 boea,
681 584 896 684 atque
938 590 1085 659 ista
1109 598 1481 683 prostant,
1522 584 1683 674 ’τοῖς
1738 587 1812 667 δ’
1858 586 2192 691 Ἀθήνας
2216 591 2340 667 καί
2365 590 2652 679 Διοῖδας

410 697 753 789 λέγεσθαι
772 719 788 734 ·
828 694 1171 787 primitus
1176 693 1803 788 fortescm‘pserat
1842 695 2386 768 Grammaticus
2406 719 2430 767 .·
2475 693 2652 774 ταύ-

410 824 541 878 τας
571 789 706 877 τοῖς
740 790 1072 892 Ἀθήνας
1119 797 1239 872 καί
1265 791 1551 880 Διᾶδας
1592 800 1938 893 λέγεσθαι
1968 793 2334 890 Αἰσχύλος
2355 817 2652 897 μαρτυ-

409 906 540 995 ρεῖ.
651 898 965 995 Quando
1001 907 1241 970 autem
1270 900 1694 994 Stephanus,
1741 909 2075 994 sequutus
2107 902 2516 1000 Strabonem
2557 901 2654 973 Χ.

398 1024 475 1095 Ρ.
506 1000 680 1071 684.
720 1003 814 1072 A.
917 1002 1109 1077 Δῖον
1141 1003 1392 1075 urbem
1411 1003 1654 1098 fuisse
1691 1003 1940 1076 scribit
1976 1003 2321 1076 Euboeae
2360 1005 2542 1104 περὶ
2556 1034 2649 1081 το

407 1100 784 1200 Κήναιον,
854 1128 905 1173 a
961 1125 1108 1197 qua
1145 1129 1384 1201 prope
1428 1107 1790 1202 abficerint
1852 1103 2081 1206 (πρός
2136 1103 2374 1207 ταύτῃ
2420 1106 2653 1210 ησαν)

412 1201 684 1288 Amidae
744 1205 1067 1305 Ἀθῆναι
1129 1205 1613 1305 καλούμεναι,
1677 1212 2003 1305 suspicor
2058 1213 2446 1304 equidem,
2482 1234 2657 1306 quos

410 1310 668 1380 eadem
707 1310 971 1380 laudat
1018 1333 1059 1381 e
1111 1312 1538 1408 Tragoedia
1591 1314 1844 1384 Strabo
1898 1336 1981 1408 Ρ.
2028 1313 2214 1385 68Ί.
2253 1316 2349 1391 A.
2408 1336 2656 1390 versuo

411 1412 735 1505 Aeschyli
771 1415 1008 1485 versui
1031 1417 1264 1510 paulo
1304 1425 1471 1489 ante
1513 1418 1889 1490 emendato
1918 1418 2350 1512 iungendos·

611 1580 956 1680 Εὐβοῖδα
1002 1582 1339 1709 καμπήν,
1374 1586 1589 1710 α’μφὶ
1617 1551 1953 1680 Κηναίου
1996 1583 2184 1672 Aoos

621 1682 935 1787 Ἀκτην,
984 1717 1127 1765 κατ
1208 1685 1437 1769 αὐτον
1478 1692 1767 1788 τύμβον
1793 1687 2063 1768 ἀθλίου
2101 1691 2330 1785 Λίχα.

413 1859 638 1932 Docta
677 1858 858 1930 haec
904 1857 1147 1931 summi
1190 1862 1317 1932 viri
1364 1862 1712 1931 adnotatio
1729 1910 1752 1949 ‚
1802 1846 2121 1956 negleota
2152 1862 2276 1931 illa
2319 1886 2362 1931 a
2401 1860 2659 1932 Buhlio

417 1964 488 2032 in
531 1964 729 2032 Arati
759 1962 897 2032 vol.
927 1964 1018 2038 11.
1064 1988 1138 2057 Ρ.
1185 1964 1362 2035 470.
1414 1966 1563 2035 solo
1589 1965 1847 2036 infelici
1873 1966 2001 2034 isto
2032 1990 2499 2064 παρεκπεσων
2531 1966 2662 2034 de-

407 2067 761 2166 formatur.
866 2067 1171 2138 Tametsi
1218 2070 1367 2159 quis
1413 2063 1647 2141 credat
1662 2118 1686 2156 ‚
1748 2066 1939 2160 quod
1979 2070 2194 2159 quivis
2236 2067 2658 2159 Aeschylum

411 2170 753 2262 scripsisse
789 2170 1055 2258 videat,
1106 2199 1584 2270 παρεκπερων
1624 2172 1745 2264 *),
1794 2171 2318 2242 Valckenarium
2367 2171 2658 2264 effugis-

316 2362 327 2368 ·
408 2297 512 2342 se.
495 2272 530 2322 ²
586 2272 733 2344 Sed
762 2273 882 2344 ille
904 2275 1278 2359 interdum,
1327 2298 1415 2344 ne
1443 2276 1599 2344 trita
1628 2274 1901 2352 incedat
1942 2274 2086 2362 via,
2137 2275 2208 2344 in
2239 2275 2389 2344 avia
2422 2274 2657 2343 defer-

404 2386 535 2452 tur.
639 2376 758 2445 Isti
782 2400 945 2446 vero
980 2401 1208 2449 versus
1223 2428 1243 2465 ,
1285 2378 1364 2447 in
1395 2380 1638 2469 quibus
1661 2377 1927 2448 Lichae
1969 2378 2269 2447 tumulus
2313 2399 2658 2447 memora-

406 2490 514 2549 tur
531 2529 555 2565 ‚
603 2475 915 2566 monent,
962 2490 1039 2550 ut
1091 2482 1513 2567 dubitemus,
1565 2504 1651 2548 an
1696 2480 1786 2550 de
1829 2480 1965 2549 ali'o
2000 2482 2262 2573 potius,
2326 2504 2533 2570 quam
2565 2479 2655 2549 de

408 2583 710 2653 Hercule
745 2586 818 2652 in
865 2584 1137 2655 Glauco
1175 2585 1420 2655 Pontio
1452 2584 1672 2676 egerit
1709 2582 2113 2674 Aeschylus,
2216 2584 2397 2653 Nam
2441 2606 2654 2673 quum

407 2687 701 2759 Licham
757 2688 1090 2758 Hercules
1152 2688 1424 2756 iamiam
1485 2686 1692 2755 morti
1735 2687 2179 2780 ¹propinquus
2224 2686 2654 2771 interemerit,

412 2792 559 2884 ipse
605 2789 884 2881 quidem
933 2793 1046 2861 vix
1096 2792 1322 2885 potuit
1376 2788 1641 2861 Lichae
1693 2791 2035 2860 tumulum
2082 2812 2655 2861 commemorare:

413 2918 541 2967 nec
556 2944 578 2981 ,
630 2895 689 2963 si
725 2893 973 2963 Glauci
1018 2895 1291 2965 fuerunt
1323 2894 1403 2963 hi
1440 2917 1670 2963 versus
1685 2943 1708 2980 ‚
1758 2894 1851 2964 de
1892 2889 2200 2966 Hercule
2228 2894 2348 2963 ille
2398 2894 2494 2965 si'c
2542 2894 2655 2960 lo·-

407 3008 653 3090 quutus
711 2997 1068 3067 videbitur.
1182 2999 1414 3084 Quare
1467 2997 1878 3082 videndum,
1951 3021 2041 3067 ne
2106 3017 2247 3096 non
2297 2997 2653 3083 HerculeS,
2670 3004 2757 3066 14

408 3102 531 3171 sed
564 3100 840 3171 Orestes
880 3103 967 3170 sit
994 3102 1074 3188 is,
1127 3104 1240 3172 cui
1273 3102 1417 3170 fata
1445 3110 1799 3173 canentem
1834 3100 2176 3174 Glaucum
2204 3109 2414 3193 poeta
2442 3100 2657 3168 intro-

407 3205 692 3275 duxerit.
793 3205 877 3273 In
908 3204 1095 3274 hunc
1136 3209 1315 3275 enim
1347 3204 1539 3273 haud
1582 3203 1929 3276 difficilius
1944 3253 1966 3291 ,
2017 3228 2225 3296 quam
2263 3206 2338 3272 in
2383 3205 2658 3275 Hercu-

407 3310 547 3378 lem
563 3359 585 3396 ‚
636 3309 1065 3401 fragmenta,
1107 3332 1285 3399 quae
1310 3308 1649 3377 attulimus
1668 3357 1690 3394 ‚
1741 3306 2098 3397 quadrant.
2200 3305 2364 3394 Quo
2389 3307 2659 3376 brevius

410 3411 553 3483 hoc
595 3411 983 3500 ostendam,
1057 3413 1207 3504 ipsa
1250 3422 1605 3482 auctorum
1648 3410 1862 3480 verba
1908 3410 2214 3481 afferam.
2347 3399 2660 3501 scriptor
2735 3412 2742 3420 '

414 3517 504 3586 de
545 3516 925 3585 inventione
970 3518 1445 3590 bucolicorum
1460 3565 1482 3602 ,
1556 3513 1940 3584 Theocrito
1996 3515 2340 3607 praemitti
2394 3513 2659 3581 solitus.

413 3614 724 3743 Ορέστῃ
775 3612 921 3716 ydp
982 3617 1432 3713 ἑκκομίζοντι
1476 3645 1567 3692 το
1621 3618 1753 3713 τῆς
1794 3614 2233 3715 Ἀρτέμιδος
2276 3610 2536 3699 ξόανον
2581 3620 2660 3689 ἐπὸ

425 3716 735 3849 T“.²59⁰W
776 3722 908 3817 τῆς
938 3721 1267 3804 Σκυθίας
1297 3746 1613 3840 χρησμος
1655 3720 2025 3810 ἐξέπεσεν,
2076 3724 2153 3793 ἑν
2195 3712 2386 3793 ἑπτα
2412 3745 2658 3793 ποτα-

418 3832 586 3918 μοῖς
627 3829 701 3897 ἐκ
739 3850 916 3916 μιας
945 3826 1170 3923 πηγῆς
1211 3827 1504 3923 ῥέουσιν
1550 3816 2149 3896 ἄπολούσασθαι·
2204 3849 2245 3897 ο
2286 3821 2364 3896 δὲ
2394 3848 2660 3919 πορευ-

412 3927 573 4009 θείς
606 3930 706 4008 εἰς
729 3920 1033 4025 Ρήγιον
1062 3928 1190 4050 τῆς
1218 3925 1570 4008 ''Isalcaffi
1623 3953 1715 3998 το
1751 3951 1925 4019 aroc
1949 3921 2365 4028 ἀπενίψατο
2402 3930 2478 3999 ἐν
2505 3929 2662 4005 τοῖς

414 4031 827 4126 λεγομένοις
877 4023 1301 4131 διαχώροις
1315 4034 1716 4124 ποταμοῖς·
1795 4030 2052 4130 &ueta-a
2100 4032 2201 4111 εἰς
2247 4026 2662 4126 Τυνδαρίδα

412 4338 564 4484 vs)
612 4337 703 4428 sta
741 4335 864 4492 5871181
905 4297 1274 4483 Sbcal'igerum
1323 4303 1675 4401 emendasse
1708 4334 1977 4420 comperi
2020 4357 2055 4401 e
2094 4333 2433 4401 Villoisonii
2459 4329 2649 4414 Epist.

468 4443 622 4487 mar.
667 4445 728 4506 p.
863 4470 877 4487 .
969 4469 985 4486 .
