3325 5317
708 506 841 572 278
922 501 1025 563 DE
1057 504 1133 563 R.
1174 500 1558 565 BENTLEIO
1593 499 1933 577 ElstvE
1971 498 2342 563 EDITIONE
2377 498 2743 561 TERENTII

710 721 759 762 „
774 672 931 745 culo
965 670 1157 764 apud
1196 671 1493 744 Nonium
1529 680 1598 742 et
1623 671 2033 741 Priscianum
2062 672 2452 739 ferebantur
2479 678 2826 766 tamquam
2859 692 2946 738 ex

710 775 1007 864 „Naevii
1042 773 1300 846 Colace
1313 827 1334 863 ‚
1387 798 1470 844 ea
1507 775 1642 843 iam
1688 798 1771 844 ex
1814 775 2279 845 vetustioribus
2325 773 2675 844 codicibus
2716 774 2940 842 Novio

710 927 757 967 ‚,
771 879 1163 948 tribuuntur.
1264 877 1449 947 Mira
1474 900 1637 946 vero
1671 877 1924 947 locutio
1957 887 2078 964 est,
2132 899 2283 947 esse
2319 876 2653 948 Colacem
2683 875 2942 961 Naevi,

711 1030 758 1070 ‚,
778 989 847 1051 et
887 989 1204 1051 veterem⁴
1232 979 1584 1074 fabulam
1623 981 1892 1051 Plauti.
1994 982 2314 1051 Veterem
2355 979 2566 1048 modo
2604 976 2946 1048 fabulam!

711 1133 758 1176 ‚‚
774 1108 860 1155 an
902 1084 1161 1154 nullum
1197 1084 1263 1153 ei
1302 1107 1553 1155 nomen
1596 1084 1787 1154 erat?
1854 1092 1922 1154 et
1950 1077 2090 1155 'cur
2131 1092 2441 1153 veterem
2476 1082 2566 1151 de
2597 1083 2943 1167 Plautinis,

707 1212 926 1275 „eum
956 1185 1279 1256 Naeviani
1324 1197 1540 1259 essent
1592 1187 1729 1257 illis
1774 1188 2131 1260 veteriores
2146 1187 2181 1255 Ρ
2268 1186 2615 1276 Denique,
2670 1187 2726 1254 si
2766 1185 2945 1255 haec

711 1315 933 1377 „vera
969 1291 1176 1361 lectio
1216 1300 1348 1381 est,
1430 1291 1500 1358 in
1547 1314 1632 1360 eo
1689 1313 1828 1381 quo
1879 1301 2150 1362 accusat
2204 1290 2483 1359 Luscius
2525 1289 2943 1374 Terentium,

711 1395 975 1481 „etiam
1016 1406 1302 1465 excusat.
1424 1394 1706 1486 Quippe
1764 1396 1820 1464 si
1868 1406 2093 1464 noster
2135 1396 2389 1462 furatus
2436 1392 2516 1461 sit
2585 1414 2945 1484 personam

711 1497 1042 1591 „parasiti
1083 1506 1153 1566 et
1186 1497 1410 1566 militis
1450 1507 1517 1567 et
1552 1522 1592 1566 a
1617 1498 1862 1567 Plauto
1893 1506 1961 1568 et
2001 1522 2042 1565 a
2086 1498 2341 1565 Naevio
2361 1545 2380 1581 ,
2431 1495 2631 1564 etiam
2660 1495 2944 1564 Plautus

710 1647 756 1686 „
773 1624 960 1670 suam
985 1624 1027 1668 a
1055 1602 1316 1670 Naevio
1362 1600 1445 1669 sit
1472 1602 1746 1670 furatus.
1849 1600 2191 1692 Exemplo
2235 1600 2442 1693 igitur
2470 1599 2620 1691 ipso
2668 1621 2948 1668 accusa-

710 1705 864 1790 „tio
909 1703 1228 1772 difflatur.
1332 1703 1409 1773 Si
1452 1702 1629 1774 haee
1676 1703 2072 1795 displicent,
2147 1705 2235 1772 de
2289 1701 2705 1773 correctione
2748 1699 2937 1793 cogi-

708 1805 1058 1893 „tandum
1104 1805 1247 1874 erit.
1349 1805 1591 1876 Codex
1623 1808 1841 1875 bonus
1883 1806 1963 1879 C.
2001 1806 2080 1876 C.
2127 1805 2207 1875 C.
2242 1805 2479 1874 Naevi
2512 1803 2766 1874 Plauti
2807 1806 2950 1874 sine

709 1957 758 1996 ‚‚
776 1908 1248 1981 coniunctione
1278 1916 1368 1984 et.
1473 1909 1744 2001 Pallor,
1794 1933 1883 1978 an
1932 1910 2030 1980 sic
2073 1910 2266 1978 dedit
2306 1907 2693 1977 Terentius:
2994 1936 3001 1942 ·

911 2110 961 2152 ,,
985 2061 1318 2133 Colacem
1342 2084 1492 2132 esse
1520 2085 1775 2157 nempe
1791 2115 1812 2153 ,
1863 2061 2113 2133 Plauti
2142 2070 2452 2132 veterem
2471 2058 2864 2153 fabulam:

910 2166 1291 2258 „parasiti
1318 2187 1714 2260 personam
1754 2166 1924 2236 inde
1967 2165 2294 2236 ablatam
2334 2172 2403 2233 et
2431 2163 2742 2233 milit2's.“

706 2318 802 2387 Et
833 2317 977 2389 hoc
1012 2319 1085 2388 in
1124 2327 1311 2389 textu
1358 2318 1605 2412 posuit.
1711 2318 2032 2411 Captiosa
2063 2317 2277 2403 haee,
2305 2319 2311 2324 ’
2343 2316 2464 2385 sed
2513 2315 2715 2384 val'de
2757 2314 2949 2383 infir-

706 2444 821 2491 ma
849 2422 1210 2514 disputatio
1244 2431 1360 2491 est.
1465 2422 1572 2493 De
1606 2423 1831 2493 Plauti
1871 2423 2147 2513 quidem
2184 2421 2440 2491 Colace
2485 2418 2701 2488 hodie
2745 2417 2950 2486 etiam

705 2547 835 2616 per
863 2527 1280 2595 Frontonem
1321 2534 1618 2617 constat,
1670 2527 1790 2617 qui
1831 2527 1965 2595 vol.
2018 2527 2070 2595 1.
2115 2550 2190 2617 p.
2230 2523 2351 2593 80.
2397 2535 2528 2592 tres
2579 2544 2663 2591 ex
2709 2545 2793 2590 ea
2835 2521 2948 2588 fa·-

709 2628 875 2697 bula
914 2653 1138 2698 versus
1188 2628 1405 2699 affert.
1507 2629 1615 2698 De
1682 2629 1939 2701 Colace
2001 2627 2238 2699 Naevii
2297 2637 2523 2696 autem
2583 2624 2775 2716 quod
2833 2623 2947 2705 ait,

707 2733 1060 2822 superbius
1104 2732 1303 2801 simul
1358 2742 1455 2802 et
1464 2732 1854 2802 incuriosius
1895 2732 2412 2825 pronunciatum
2452 2739 2566 2798 est.
2673 2727 2949 2819 Operae

705 2833 1001 2925 pretium
1039 2844 1217 2906 certe
1256 2844 1420 2921 erat,
1470 2835 1862 2904 nominatim
1906 2836 2204 2905 indicare
2236 2842 2529 2903 vetustos
2559 2832 2717 2899 illos
2745 2830 2950 2899 Nonii

704 2931 1161 3027 Priscianique
1215 2939 1487 3009 codices
1503 2987 1524 3025 ‚
1602 2961 1892 3033 quorum
1948 2940 2342 3009 auctoritate
2401 2937 2625 3005 Novio
2692 2958 2775 3003 ea
2837 2934 2949 3001 fa-
3020 2943 3026 2952 “

706 3039 871 3107 bula
928 3041 1375 3110 adscribenda
1440 3052 1633 3116 esset.
1757 3044 1937 3112 Nam
1989 3042 2194 3111 Nonii
2252 3040 2581 3109 editiones
2639 3038 2949 3127 antiquae

706 3141 1037 3209 Naevium
1087 3143 1465 3229 nominant,
1533 3145 1642 3215 cui
1690 3146 1889 3216 Novii
1950 3169 2197 3215 nomen
2250 3145 2380 3212 los.
2454 3141 2806 3212 Mercerus
2867 3162 2951 3209 ex

709 3242 1096 3312 coniectura
1158 3245 1699 3315 substituendum
1744 3250 2014 3318 censuit.
2150 3250 2350 3317 Nunc
2417 3268 2628 3335 quum
2692 3244 2948 3313 Novius

708 3345 1173 3416 Atellanarum
1210 3349 1500 3439 scriptor
1543 3350 1779 3436 fuerit,
1832 3351 2017 3420 cuius
2046 3350 2320 3421 fabulae
2363 3349 2508 3417 fere
2539 3369 2772 3416 omnes
2807 3345 2950 3414 La·-

704 3449 845 3517 tina
899 3459 1018 3518 aut
1080 3450 1265 3521 Osca
1320 3452 1591 3521 nomina
1639 3453 1932 3540 habent,
2014 3463 2091 3522 ut
2158 3453 2248 3521 de
2297 3452 2654 3545 perpaucis
2674 3499 2695 3537 ‚
2772 3473 2950 3544 quae

708 3552 993 3624 Graecis
1042 3555 1423 3624 nominibus
1479 3564 1628 3625 sunt
1644 3610 1668 3648 ,
1738 3557 2197 3648 quaerendum
2215 3605 2236 3642 ,
2324 3579 2410 3624 an
2459 3554 2659 3623 huius
2700 3563 2949 3646 poetae

707 3655 869 3741 sint,
955 3682 1098 3726 esse
1160 3658 1496 3739 videatu13
1584 3683 1800 3749 quum
1865 3682 2073 3753 porro
2130 3660 2431 3728 Terentii
2493 3658 2651 3726 libri
2718 3679 2951 3726 omnes

711 3765 945 3847 aperte
986 3761 1224 3830 Naevii
1265 3761 1586 3831 Colacem
1628 3764 1948 3834 exstitisse
1994 3767 2352 3842 testentur;
2417 3761 2709 3850 denique
2739 3783 2952 3856 quum

714 3879 866 3925 eam
901 3860 1203 3932 fabulam
1239 3866 1363 3933 sub
1393 3865 1633 3933 Naevii
1657 3868 1929 3935 nomine
1969 3866 2179 3936 semel
2213 3864 2585 3938 Priscianus
2603 3914 2625 3954 ,
2679 3865 2949 3955 saepius

711 3959 967 4029 Nonius
1013 3965 1250 4033 afferat
1267 4014 1288 4051 ,
1344 3966 1417 4035 in
1461 3969 1705 4056 quibus
1748 3969 1960 4039 sicubi
2007 3970 2216 4038 variat
2267 3970 2551 4037 nominis
2598 3968 2951 4059 scriptura,

710 4081 850 4131 uon
894 4065 1073 4132 valet
1114 4066 1255 4137 hoe
1301 4071 1615 4139 continuo
1673 4072 1764 4141 ad
1810 4072 2330 4142 abiudicandam
2378 4095 2422 4140 a
2464 4072 2723 4142 Naevio
2769 4070 2953 4140 hanc

709 4162 1052 4253 fabulam,
1113 4168 1443 4257 siquidem
1480 4174 1719 4266 Naevii
1736 4224 1758 4262 ,
1823 4176 2058 4263 Novii,
2126 4174 2394 4264 Laevii,
2458 4173 2637 4243 Livii
2678 4176 2949 4242 nomina

710 4265 965 4356 ubique
1030 4281 1555 4344 commutantur·
1648 4278 1876 4347 omnia
1923 4301 2045 4348 nos
2109 4302 2193 4348 eo
2252 4277 2567 4348 videntur
2609 4277 2952 4347 adducere

623 4368 1004 4457 lssdebere,
1055 4382 1131 4440 ut
1156 4394 1294 4440 non
1334 4375 1567 4464 Novii,
1617 4382 1739 4450 sed
1774 4382 2011 4452 Naevii
2039 4380 2349 4451 fabulam
2383 4380 2714 4452 Colacem
2745 4382 2952 4452 fuisse

716 4480 1093 4546 statuamus.
1191 4475 1483 4548 Accedit
1525 4482 1714 4568 quod
1762 4485 2147 4579 fragmenta
2189 4485 2393 4556 huius
2427 4485 2702 4556 fabulae
2719 4534 2742 4572 ‚
2792 4494 2870 4555 ut
2914 4509 2957 4554 a
