3325 5317
698 429 830 493 aaa
1229 427 1346 489 nn
1402 426 1695 519 mvsls·
1744 424 2376 489 ravvumnvs

700 621 840 691 quo
878 622 1134 694 genere
1176 600 1402 692 lapsus
1445 607 1545 668 est
1572 598 1780 668 etiam
1811 597 2247 669 Petersenius
2264 619 2337 690 p.
2377 596 2551 667 111.
2593 596 2842 667 Musas»
2871 609 2943 669 et

666 714 671 719 ’
699 704 925 773 Horas
954 728 995 772 a
1023 702 1426 771 Pausanial.
1480 700 1618 791 19,
1669 700 1741 768 4.
1793 700 2060 771 Thestii
2084 702 2259 771 filias
2294 701 2643 825 perhiberi
2675 702 2940 771 dicens,

674 806 890 897 vquod
937 828 1064 875 nec
1109 806 1333 898 potuit
1363 754 1618 873 dicere
1626 804 1985 873 Pausanias
1998 852 2020 890 ,
2070 824 2200 875 nec
2245 803 2435 879 dixit.
2538 805 2782 895 Aptius
2823 805 2939 872 alii
3004 798 3017 814 ‘

702 932 860 982 cum
879 909 1212 1001 Euripide
1244 909 1690 979 Harmoniam
1719 897 2031 977 dixerunt
2057 908 2413 981 Musarum
2443 919 2726 979 matrem
2758 931 2937 977 esse:

611 1024 768 1087 lov.
809 1012 1026 1083 schol.
1055 1012 1146 1081 ad
1173 1012 1410 1105 Eurip.
1437 1011 1632 1081 Med.
1673 1008 1850 1080 825.
1894 1010 2005 1080 ed.
2040 1009 2293 1079 Matth.
2330 1019 2399 1081 et
2440 1012 2519 1079 P.
2542 1011 2938 1081 Elmsleium

700 1119 774 1188 iu
826 1116 934 1185 ed.
967 1115 1268 1185 Medeae
1311 1138 1382 1207 Ρ.
1430 1097 1602 1183 208.
1647 1114 1996 1184 Ciceronis
2035 1114 2315 1205 quidem
2355 1113 2590 1183 locum
2632 1136 2768 1207 ego
2799 1136 2939 1185 non

695 1228 867 1314 Ριιιο
896 1242 979 1289 ex
1003 1219 1146 1308 his,
1203 1242 1373 1309 quas
1405 1240 1583 1287 nunc
1613 1218 1891 1308 quidem
1924 1217 2287 1306 habemuS,
2340 1227 2455 1286 aut
2479 1218 2794 1290 codicum
2823 1226 2940 1287 ant

700 1324 986 1393 aliorum
1018 1331 1371 1393 auctorum
1410 1322 1626 1413 copiis
1659 1321 2005 1390 emendari
2046 1336 2267 1412 posse.
2370 1323 2549 1391 Nam
2599 1321 2811 1440 quod·
2827 1321 2939 1394 fa-

701 1426 835 1498 cile
882 1426 1177 1520 cuipiam
1218 1427 1288 1494 in
1331 1434 1627 1499 mentem
1672 1425 1894 1494 veniat
1908 1476 1929 1513 ,
1980 1425 2336 1495 Monetam
2383 1425 2473 1493 ab
2514 1446 2599 1499 eo
2627 1424 2941 1495 nomina-

698 1539 838 1599 tam
883 1553 1026 1599 esse
1039 1581 1061 1619 ,
1127 1552 1333 1620 qnam
1380 1529 1738 1598 Musarum
1785 1537 2070 1599 matrem
2122 1536 2192 1598 et
2238 1527 2466 1597 Livius
2512 1528 2944 1598 Andronicus

700 1643 768 1703 et
810 1634 1124 1726 Hyginus
1161 1630 1559 1724 perhibent,
1618 1630 1810 1720 quod
1855 1653 2106 1700 nomen
2149 1630 2350 1699 etiam
2383 1631 2572 1722 apud
2600 1630 2938 1700 Isidorum

700 1734 897 1830 Orig.
944 1737 1066 1804 111.
1111 1734 1228 1803 14.
1270 1737 1387 1804 ubi
1431 1735 1487 1802 is
1529 1733 1765 1802 Musas
1809 1734 1989 1804 Iovis
2033 1744 2102 1804 et
2146 1734 2498 1804 Minervae
2538 1735 2711 1803 filias
2754 1734 2938 1821 dicit,

700 1837 1164 1930 reponendum
1221 1835 1515 1907 videturz
1588 1835 1662 1904 id
1706 1832 2074 1929 propterea
2126 1860 2371 1929 parum
2415 1845 2514 1907 est
2556 1838 2937 1925 verisimile,

699 1941 890 2032 quod
929 1942 1032 2009 illi
1081 1962 1313 2011 omnes
1358 1939 1717 2010 Monetam
1753 1941 1997 2013 Latine
2046 1941 2385 2026 dixerunt,
2452 1963 2627 2030 quae
2668 1941 2940 2011 Graece

566 2040 569 2045 ’
699 2054 799 2114 est
825 2043 1309 2135 Mnemosyne,
1359 2055 1893 2115 commemorata
1934 2045 2053 2114 ina
2100 2069 2142 2114 a
2173 2045 2503 2114 Cicerone
2523 2053 2627 2141 ,ιιι
2658 2045 2935 2112 aliarum

696 2148 1053 2218 Musarum
1083 2157 1317 2218 mater.
1420 2150 1650 2237 Atque
1689 2147 1815 2217 has
1847 2148 2649 2240 quoque-‘Mnemosynae
2692 2171 2940 2217 novem
2985 2155 3002 2185 ’

695 2252 905 2341 filias,
952 2261 1028 2320 ut
1060 2251 1333 2321 tandem
1375 2251 1446 2321 in
1474 2251 1652 2321 viam
1671 2251 1964 2321 redeam
1981 2304 2025 2342 ,ι
2055 2275 2097 2320 a
2125 2253 2506 2321 muneribus
2533 2252 2941 2341 quibusdam

700 2358 835 2425 suis
874 2355 1253 2446 appellatas
1298 2378 1476 2440 esse,
1540 2355 1697 2423 satis
1742 2365 1975 2425 notum
2016 2364 2148 2446 est,
2213 2354 2811 2448 explicueruntque
2857 2379 2943 2425 ea

702 2458 793 2529 de
847 2481 922 2528 re
959 2458 1280 2550 permulti
1327 2467 1652 2531 veterum.

904 2562 1104 2647 Quae
1161 2585 1372 2652 quum
1429 2562 1524 2630 ita
1577 2562 1743 2645 sint,
1807 2560 1972 2651 quid
2021 2560 2298 2635 tandem
2348 2528 2550 2633 fuisse
2613 2563 2937 2646 dicemus,

700 2664 894 2756 qnod
930 2665 1389 2757 Epicharmus
1421 2688 1587 2754 quas
1625 2673 1893 2755 septem
1927 2664 2159 2735 Musas
2201 2667 2643 2751 enumeravit,
2693 2668 2786 2734 iis
2806 2689 2937 2757 ap-

697 2769 1052 2860 pellaverit
1093 2769 1471 2837 nominibus
1489 2817 1511 2855 ,
1561 2792 1740 2858 quae
1783 2790 1923 2837 non
1964 2768 2178 2837 Musis
2194 2821 2216 2859 ‚
2277 2768 2399 2837 sed
2443 2769 2761 2861 nymphis
2799 2770 2937 2837 flu·-

699 2872 963 2943 viorum
1000 2872 1496 2966 convenirentg
1544 2872 1663 2941 Ad
1695 2874 2150 2942 coniecturam
2163 2920 2185 2957 ,
2238 2873 2703 2945 deficientibus
2745 2873 2939 2942 tasti-

697 2974 970 3065 moniis,
1050 2975 1589 3068 confugiendum
1647 2999 1792 3045 esse
1851 2985 2166 3067 apertum
2222 2984 2340 3045 est.
2455 2981 2564 3048 Ac
2618 2978 2932 3066 profecto

699 3100 941 3147 vereor
998 3086 1087 3149 ne
1108 3147 1115 3155 ,
1136 3079 1474 3149 ludificari
1528 3102 1602 3148 se
1642 3079 1834 3170 passi*
1873 3081 2001 3149 sint
2058 3078 2451 3172 mthologi
2512 3080 2745 3171 inepta
2797 3080 2936 3151 sive

702 3180 1004 3251 Tzetzae
1045 3182 1382 3267 doctrina,
1433 3183 1573 3251 sive
1616 3183 1764 3272 quis
1808 3184 1974 3252 alius
2013 3183 2178 3265 fuit,
2228 3208 2270 3252 a
2311 3182 2624 3272 quo'hoc
2660 3183 2782 3252 ille
2815 3204 2934 3252 ac-

701 3290 996 3375 ceperat.
1112 3284 1303 3369 Quid
1355 3283 1530 3353 enim
1546 3283 1609 3351 ἓ·
1645 3287 1968 3355 Nemone·
1998 3287 2354 3379 cogitavit,
2417 3287 2935 3378 Epicharmum,

698 3395 979 3480 poetam
1022 3388 1362 3458 comicum
1379 3436 1400 3472 ,
1447 3408 1585 3455 non
1635 3387 1838 3456 etiam
1881 3390 2088 3458 alium
2130 3413 2540 3481 quemquam
2582 3389 2785 3458 huius
2827 3390 2935 3458 fa-

614 3508 619 3512 ·
700 3492 905 3561 bulae
934 3500 1279 3562 auctorem
1307 3492 1873 3562 commemorari?
1921 3503 1988 3562 et
2017 3515 2096 3561 ea
2121 3493 2401 3582 quidem
2439 3495 2510 3562 in
2538 3494 2768 3563 fabula
2795 3492 2937 3562 hoc

702 3596 789 3665 ab
832 3595 957 3664 illo
996 3595 1320 3687 scriptum
1363 3618 1538 3679 esse,
1605 3595 1792 3666 cuius
1838 3598 2117 3667 iteratae
2164 3597 2441 3665 editioni
2483 3582 2732 3668 hunc
2713 3619 2934 3687 lpsum

698 3697 971 3769 titulum
1033 3698 1389 3769 Musarum
1454 3698 1744 3771 fecerit?
1837 3699 2225 3769 Athenaeus
2286 3699 2410 3770 111.
2474 3725 2546 3793 Ρ.
2627 3699 2799 3768 110.
2848 3702 2936 3769 Β.

700 3794 1152 3919 Ἐπίχαρμος
1204 3803 1280 3876 δὲ
1333 3778 1411 3879 ἐν
1441 3799 1690 3925 ‘'Hssnc
1737 3796 1947 3898 γάμῳ
1989 3798 2124 3875 xciv
2154 3797 2497 3885 Μούσαις
2545 3803 2805 3898 (τοῦτο
2856 3804 2934 3876 δὲ

705 3895 800 3974 τό
842 3904 1089 3999 δρᾶμα
1130 3898 1467 4001 διασκευή
1504 3909 1661 3978 ἐστι
1702 3905 1842 3979 τοῦ
1879 3906 2398 4002 προκειμένου)
2449 3903 2692 4000 ἄρτων
2734 3904 2936 3979 ἐκτί-

704 4011 932 4078 θεται
974 4005 1163 4104 γένη.
1256 4008 1343 4083 ln
1384 4030 1466 4077 ea
1510 4007 1748 4076 fabula
1799 4008 1968 4078 deos
2013 4008 2083 4076 in
2124 4010 2371 4101 nuptiis
2415 4009 2652 4078 Hebes
2700 4010 2936 4079 convi-

704 4113 932 4175 vantoe
958 4107 1299 4179 traductos
1333 4110 1535 4181 fuisse
1550 4158 1573 4196 ‚
1621 4111 1736 4181 vel
1759 4134 2008 4189 nomen
2031 4112 2292 4204 primae
2322 4111 2630 4182 editionis
2654 4112 2936 4183 indicat.

705 4208 1000 4302 apertius
1032 4219 1254 4281 autem
1281 4212 1584 4283 declarat
1610 4212 2066 4307 fragmentum
2082 4263 2104 4301 ,
2155 4216 2347 4305 quod
2390 4237 2475 4285 ex
2509 4215 2729 4286 Musis
2759 4223 2935 4284 attu-

702 4313 783 4380 lit
808 4312 1198 4382 Athenaeus
1233 4315 1382 4384 vn.
1412 4338 1485 4406 p.
1519 4314 1692 4387 282.
1735 4318 1825 4393 D.
1929 4319 2140 4405 Quod
2179 4320 2677 4414 fragmentum,
2727 4318 2934 4390 foede

708 4425 1099 4510 corruptum
1112 4464 1135 4508 ‚
1195 4417 1288 4489 ita
1325 4419 1805 4499 restituendum
1846 4423 2170 4502 videtum,
2875 4486 2884 4495 .
