3325 5317
448 482 553 545 DE
584 480 1164 546 composrrlom:
1185 479 1870 545 TETRALOGIARVM
1884 481 2419 554 TRAGICARVM.
2470 488 2630 553 m·

359 677 551 732 scere
576 654 807 747 prius,
858 656 976 746 qui
1004 655 1257 726 docere
1283 656 1484 740 velit,
1535 654 1829 737 debere3
1879 654 2054 726 disci
2088 666 2347 745 autem,
2397 660 2605 750 quale

362 759 531 848 quid
576 760 707 845 sit,
755 781 892 828 non
935 780 1140 852 posse
1155 808 1176 845 ,
1224 759 1348 828 nisi
1378 760 1588 828 altius
1633 759 2047 850 repetendo,
2117 769 2187 830 et
2228 762 2388 831 inde
2444 765 2603 854 qui·-

359 862 555 946 dem,
608 862 793 932 unde
830 863 1036 932 simul·
1070 874 1137 932 et
1181 862 1273 932 de
1312 862 1419 930 his
1447 863 1719 955 paucis,
1772 885 1948 953 quae
1994 862 2362 951 habemus,
2413 876 2485 935 et
2511 866 2604 936 de

328 965 667 1057 ¹plurimis
711 967 877 1054 iuis,
943 988 1118 1056 quae
1161 967 1528 1051 amisimus,
1613 967 2071 1036 coniecturam
2110 967 2337 1050 facere
2380 969 2604 1040 liceat.

360 1068 597 1138 Vnum
633 1091 981 1161 promam,
1033 1069 1194 1138 data
1239 1069 1576 1140 scribendi
1621 1071 2167 1161 opportunitate,
2232 1071 2432 1140 huius
2463 1096 2605 1164 ge.-

355 1172 530 1240 neris
580 1172 1006 1265 exemplum,
1068 1171 1260 1264 quod
1310 1174 1608 1266 positum
1678 1183 1779 1244 est
1833 1174 1905 1241 111
1955 1174 2446 1264 compositione
2496 1185 2606 1245 te·

352 1275 815 1368 tralogiarum.

567 1449 673 1517 Ac
733 1470 937 1518 nemo
1012 1448 1283 1541 ignorat
1297 1496 1318 1534 ,
1413 1446 1790 1540 tetralogiis
1854 1448 2211 1545 certavisse
2282 1447 2608 1541 tragicos,

359 1572 536 1639 quae
565 1573 652 1619 ex
684 1552 892 1621 tribus
926 1551 1293 1643 tragoediis
1323 1559 1392 1619 et
1419 1574 1553 1619 una
1592 1551 1831 1620 fabula
1872 1542 2157 1640 satyrica
2190 1553 2603 1621 constabant.

356 1650 443 1721 Id
483 1666 622 1743 quo
660 1662 974 1747 tempore
1006 1655 1373 1723 institutum
1412 1654 1617 1722 fuerit
1646 1656 2011 1723 nescimus:
2063 1655 2204 1723 veri
2238 1656 2455 1723 simile
2483 1663 2604 1739 est,

358 1755 637 1847 Satyros
695 1759 900 1827 etiam
961 1758 1365 1848 antiquiores
1427 1757 1797 1849 tragoediis
1847 1757 2085 1827 fuisse:
2145 1757 2268 1827 sed
2317 1756 2608 1849 Sopho-⁶

360 1861 537 1955 cleu!
573 1858 870 1953 primum
917 1861 1222 1953 coepisse
1256 1884 1409 1951 ‘una
1445 1861 1803 1952 tragoedia
1844 1871 2140 1947 certare,
2192 1858 2437 1931 Suidas
2480 1885 2605 1931 au·-

359 1972 511 2032 ctor
560 1974 665 2059 est
706 1961 815 2050 ’ὓς
882 1987 1296 2054 quamquam
1374 1965 1578 2032 etiam
1645 1973 1807 2054 post
1863 1963 2232 2054 Sophoclis
2292 1974 2606 2056 tempora

354 2066 748 2158 tetralogias
794 2067 864 2134 in
903 2091 1173 2136 scenam
1217 2060 1512 2158 produci
1553 2065 1781 2135 solitas
1823 2066 2163 2149 novimus:
2215 2065 2305 2134 de
2347 2090 2482 2156 qua
2526 2090 2605 2136 re

356 2168 526 2236 dixit
565 2169 953 2261 Lessiugius
990 2170 1059 2237 in
1101 2171 1258 2241 Vita
1284 2169 1655 2264 Sophoclis
1699 2193 1771 2261 p.
1797 2166 1969 2242 123.
2004 2172 2226 2258 seqq.,
2277 2170 2395 2258 qui
2441 2170 2656 2260 qui-4

361 2270 525 2343 dem
568 2272 758 2364 quod
799 2273 1241 2363 coniiciebat,
1307 2282 1467 2365 post
1509 2271 1938 2363 Sophoclem
1984 2270 2261 2369 demum
2292 2272 2606 2355 introduz

358 2383 502 2444 ctas
538 2398 678 2445 ωε
696 2378 1135 2470 tetralogias,
1187 2387 1257 2445 et
1284 2375 1538 2446 Suidae
1582 2377 1793 2445 verba
1824 2375 2069 2443 falsum
2106 2399 2247 2445 esse
2293 2368 2610 2470 arguunt,

360 2478 963 2575 animadvertitque
1014 2481 1160 2574 ipse
1177 2528 1198 2566 ,
1266 2462 1653 2575 repugnare
1704 2480 1769 2548 ei
1815 2478 2244 2548 coniecturae
2292 2480 2609 2572 exempla

360 2582 718 2672 quaedam.
824 2584 968 2653 Sed
997 2585 1117 2654 etsi
1156 2606 1332 2674 quae
1375 2606 1604 2654 caussa
1631 2580 1835 2650 huius
1864 2580 2135 2651 instituti
2162 2583 2360 2657 fuerit
2387 2584 2617 2692 uesci-3

357 2709 507 2755 mus
524 2735 546 2772 ,
611 2695 837 2756 tamen
883 2695 1163 2778 recepto
1203 2685 1431 2777 quid
1410 2708 1480 2755 111
1513 2670 2002 2787 componendis
2032 2672 2407 2778 tetralogiis
2446 2707 2607 2777 spe-

359 2791 527 2858 ctari
571 2790 684 2859 vel
739 2792 1042 2881 potuerit
1075 2792 1192 2859 vel
1234 2789 1583 2873 debuerit,
1651 2810 1980 2879 quaerere
2020 2810 2273 2880 operae
2312 2790 2608 2881 pretium

250 2965 257 2969 ,
356 2891 642 2960 videtur.
748 2893 1146 2963 Continetur
1195 2892 1269 2961 id
1292 2898 1545 2964 autem
1581 2892 1694 2962 his
1744 2891 2006 2961 duabus
2058 2894 2260 2961 rebus
2278 2940 2300 2979 ,
2383 2915 2608 2985 argu·

304 3088 312 3095 .
356 3003 597 3064 mento
642 3002 713 3064 et
756 2998 1172 3068 tractatione.

560 3167 794 3259 Atque
827 3167 923 3237 ad
948 3177 1419 3260 argumentum
1446 3150 1637 3258 quod
1678 3166 1934 3253 attinet,
1969 3166 2102 3245 'aut
2119 3159 2275 3235 ‘una
2303 3164 2607 3236 eiusdem

359 3275 741 3365 argumenti
763 3273 1218 3364 perpetuitate
1255 3274 1377 3342 vel·
1399 3294 1633 3350 omnes
1661 3270 1966 3357 fabulae,
2017 3270 2132 3347 vel
2162 3269 2340 3340 duae
2371 3294 2606 3339 earum

358 3385 576 3443 tresve
606 3375 1100 3463 cohaerebant,
1153 3385 1268 3449 aut
1303 3376 1610 3473 singulae
1640 3366 1977 3443 diversum
2008 3373 2354 3442 habebant
2380 3397 2417 3442 a
2445 3397 2607 3443 cae-

359 3478 516 3545 teris
555 3478 1050 3570 argumentum.
1150 3480 1341 3549 Nihil
1377 3478 1628 3546 horum
1681 3487 1821 3561 est,
1888 3476 2077 3566 quod
2123 3477 2442 3566 exemplo
2486 3497 2606 3543 ca-

357 3603 509 3649 rere
552 3582 878 3650 videatur.
984 3585 1090 3652 Ac
1153 3582 1479 3651 diversa
1461 3605 1530 3649 m
1572 3527 1851 3672 singulis
1900 3579 2149 3647 fabulis
2209 3586 2607 3670 argumenta

356 3685 664 3755 tractavit
707 3683 1121 3775 AeschyluS,
1199 3709 1407 3778 quum
1458 3684 1834 3767 Phineum,
1911 3683 2186 3763 Persas,
2260 3680 2607 3750 Glaucum

354 3788 822 3876 Potniensem,
896 3788 1382 3859 Prometheum
1425 3787 1790 3881 igniferum
1832 3808 1965 3851 una
2003 3783 2368 3876 tetralogia
2407 3806 2605 3855 com-

351 3890 757 3984 prehendit:
813 3892 903 3961 de
935 3916 1070 3984 qua
1102 3902 1341 3991 testem
1379 3891 1711 3961 habemus
1753 3887 2309 3989 grammaticum,
2359 3888 2478 3978 qui
2518 3886 2608 3958 de

434 4219 498 4300 ¹0¹)
545 4216 738 4279 Aliter
780 4217 1022 4278 Suidam
1063 4216 1363 4279 intellexit
1401 4210 1758 4279 Welckerua
1801 4214 1866 4276 in
1897 4212 2238 4294 Tetralogia
2265 4211 2602 4297 Aeschylea
2737 4262 2748 4285 ,

350 4326 419 4386 p.
463 4307 611 4373 508.
666 4325 840 4385 seqq.
887 4304 985 4363 cui
1027 4304 1287 4363 videnda
1350 4324 1504 4384 quae
1557 4302 1872 4385 opposuit
1908 4302 2233 4362 Siivernius
2276 4303 2340 4361 in
2386 4300 2612 4360 disser-

350 4390 578 4451 tatione
635 4410 819 4470 quam
876 4389 1205 4472 inscripsit·
1254 4390 1405 4450 iiber
1448 4387 1566 4449 den
1639 4388 2050 4450 historischen
2105 4387 2426 4449 character
2498 4380 2604 4442 da

288 4473 830 4559 -άναιηαΡΗΜ
2076 4526 2247 4629 v²
