3325 5317
821 471 1302 552 SERMONIS
1361 472 1837 536 HOMERICI
1889 474 2115 539 DISS.
2157 476 2227 539 ΙΙ.
2563 481 2652 545 53

422 668 692 737 semper
718 645 831 714 fit:-
880 646 1087 714 veluti
1111 647 1191 714 ll.
1224 643 1477 717 0.·440.·
1496 645 1801 744 νήπιον,
1855 646 2053 722 οὔπω
2086 643 2327 726 εἰδόθ’
2352 649 2647 744 ὁμοιΐου

419 751 814 840 πολέμοιο,
869 745 1036 822 οὐδ’
1081 746 1438 844 α’γορέων,
1492 745 1720 823 ἴνα-τ’
1771 748 2022 847 ἄνδρες
2065 748 2487 848 ἀριπρεπέες
2516 782 2646 828 τε-

415 853 783 923 λέθουσιν.
888 851 1156 919 Deinde
1195 876 1362 921 vero
1406 854 1474 920 in
1519 853 1647 920 illis
1684 854 1885 939 locis,
1939 857 2058 943 qui
2096 856 2282 924 allati
2327 867 2509 942 sunt,
2560 880 2646 927 ne

413 963 703 1045 propter
741 977 1007 1023 sensum
1050 955 1329 1044 quidem
1376 956 1629 1044 ubique
1658 957 2111 1026 coniunctivus
2135 947 2380 1050 reponi
2402 969 2644 1051 potest.

415 1058 634 1125 Possit
673 1058 790 1126 ille
817 1058 1029 1126 ferri
1011 1080 1081 1125 ιιι
1109 1058 1241 1144 his,
1294 1060 1363 1127 in
1391 1059 1652 1149 quibus
1669 1069 1801 1144 est,
1855 1057 1981 1132 ὅτε
2012 1089 2096 1133 τε
2125 1057 2381 1156 γλάγος
2426 1062 2646 1156 ἄγγεα

415 1153 631 1248 δεύει,
669 1157 796 1232 ὅτε
825 1155 1287 1255 λαβρότατον
1312 1163 1460 1253 χέει
1500 1159 1756 1258 ὕδωρ,
1775 1161 1900 1236 ὅτε
1938 1162 2368 1284 φρίσσουσιν
2400 1164 2637 1262 ἄρου-

417 1291 590 1358 ραι,
645 1264 698 1329 si
734 1287 870 1331 ιιοιι
908 1265 1211 1333 universe
1239 1266 1699 1357 intelligantur
1739 1266 1828 1333 de
1875 1287 1982 1351 eo,
2024 1267 2256 1355 quod
2238 1290 2307 1334 ιιι
2340 1290 2529 1353 vere,
2579 1268 2650 1334 in

415 1377 780 1436 auctumno
797 1416 817 1452 ‚
867 1368 937 1436 in
867 1377 1212 1461 msegete
1242 1368 1392 1437 fieri
1444 1368 1692 1448 soleat3
1742 1369 1865 1436 sed
1894 1368 2071 1438 side
2099 1372 2341 1440 muscis
2359 1381 2508 1439 tum,
2533 1393 2655 1438 va-

411 1494 487 1538 sa
517 1469 974 1539 obsidentibus
990 1522 1010 1560 ,
1071 1494 1281 1562 quum
1326 1472 1576 1539 fuerint
1598 1471 1985 1539 madefacta
2010 1472 2218 1553 lacte3
2268 1473 2359 1542 de
2387 1476 2654 1544 turbine

415 1582 564 1641 tum
620 1574 875 1642 oriente
894 1623 915 1660 ‚
993 1574 1048 1641 si
1105 1575 1380 1664 quando
1426 1575 1661 1666 largos
1726 1575 1976 1643 imbres
2027 1576 2268 1648 fundat
2311 1578 2669 1669 Iuppiter3·

418 1675 508 1744 de
551 1698 705 1745 rore
734 1687 878 1744 tum
921 1678 1122 1768 spicis
1168 1678 1604 1763 adhaerente,
1657 1679 1714 1745 si
1753 1678 2029 1766 quando
2070 1687 2305 1771 segete
2336 1680 2656 1757 horreant

416 1781 659 1871 campi.
727 1772 938 1848 Plane
967 1803 1129 1848 vero
1157 1782 1483 1850 abhorret
1512 1781 1969 1851 coniunctivas
1994 1784 2081 1851 ab
2106 1783 2411 1870 reliquis,⁴
2452 1785 2653 1867 Nam,

324 1941 329 1944 .
412 1891 490 1950 ut
519 1883 661 1953 hoc
687 1892 873 1969 utar,
923 1884 1090 1972 quid
1127 1885 1323 1978 longi
1355 1885 1498 1954 dies
1538 1883 1629 1953 ad
1672 1895 1963 1953 oestrum
1985 1884 2023 1951 ἓ
2069 1894 2186 1952 aut
2225 1887 2372 1973 quis
2414 1887 2655 1956 Latine

413 1986 754 2056 dicentem
784 1987 1000 2073 ferat,
1060 1998 1286 2057 oestro
1311 1989 1525 2086 boves
1559 1989 2035 2080 agitari-verno
2063 1998 2398 2080 tempore,
2446 2006 2657 2080 quum
2737 2005 2741 2010 ·

412 2090 663 2159 fuerint
698 2091 895 2182 longi
938 2091 1116 2178 dies,
1174 2115 1305 2161 nec
1341 2091 1570 2162 videat
1601 2091 1968 2161 dicendum
2001 2087 2179 2176 esso,
2231 2115 2445 2185 quum
2496 2101 2658 2162 sunt

414 2188 675 2286 longi?
752 2194 833 2261 Ιιι
870 2195 1083 2262 altero
1132 2205 1355 2265 autem
1393 2196 1557 2266 loco
1572 2243 1594 2280 ,
1662 2196 1734 2263 in
1775 2195 1915 2284 quo
1960 2195 2202 2264 eadem
2246 2197 2456 2263 verba
2484 2206 2657 2280 sunt,

414 2319 680 2365 sensum
734 2297 1011 2386 quidem
1057 2300 1420 2389 praeberet
1471 2298 1925 2369 coniunctivus
1938 2349 1959 2385 ,
2005 2297 2155 2365 'sed
2219 2299 2509 2366 alienum
2567 2300 2668 2366 ab

412 2401 552 2469 loci
601 2400 785 2470 istius
828 2409 1088 2476 natura.
1206 2403 1404 2474 Nunc
1449 2402 1628 2469 enini
1684 2402 1951 2494 Ylysses
1965 2449 1987 2486 ‚
2052 2400 2417 2470 indicativo
2478 2422 2655 2487 usus,

414 2503 557 2572 hoc
604 2503 804 2590 dicit,
873 2504 927 2572 si
971 2505 1097 2573 sibi
1154 2504 1547 2576 certandum
1606 2525 1765 2572 cum
1811 2503 2250 2594 Eurymacho
2308 2505 2391 2571 sit
2439 2526 2668 2594 opere-

412 2603 734 2676 faciundo
777 2609 949 2677 veris
978 2617 1289 2700 tempore
1304 2657 1325 2694 ‚
1380 2628 1518 2697 quo
1561 2607 1760 2698 longi
1802 2616 1953 2675 sunt
1998 2606 2164 2693 dies,
2204 2605 2457 2696 diuque
2502 2630 2656 2675 ma-

415 2734 574 2779 nere
613 2712 684 2778 in
730 2733 941 2802 opere
995 2712 1192 2797 licet,
1242 2714 1570 2790 victorem
1617 2733 1691 2778 se
1739 2733 1879 2778 esse
1925 2710 2276 2780 futurum.-
2351 2710 2563 2794 Quod
2597 2711 2654 2778 si

414 2814 835 2885 coniunctivo
877 2838 1031 2883 usus
1084 2825 1251 2883 esset
1266 2864 1287 2900 ‚
1336 2815 1479 2884 hoc
1525 2814 1815 2882 diceret:
1880 2814 1945 2881 si
1989 2812 2411 2881 certandum
2453 2811 2667 2883 nobi-s

413 2919 505 2985 sit
550 2924 866 3010 tempore
917 2939 1165 3010 verno,
1241 2940 1455 3010 quum
1507 2918 1684 2987 dies*
1726 2917 1930 3009 longi
1966 2915 2318 3018 fixerint,-
2365 2917 2686 2985 vincam.

413 3042 555 3113 ego
568 3045 592 3088 ¹.-
655 3044 796 3110 qno
858 3021 1197 3089 videretur
1263 3019 1778 3111 Eurymachum
1828 3020 1898 3088 in
1951 3019 2338 3111 proximum
2392 3042 2511 3088 ver
2557 3018 2654 3086 ad
2781 3045 2793 3065 κ

412 3134 754 3193 certamen
781 3146 1179 3216 provocare.
1285 3125 1494 3209 Quod
1522 3125 1577 3191 si
1604 3122 1715 3191 his
1740 3123 1811 3192 irt
1839 3123 2008 3192 locis
2037 3122 2241 3192 falsus
2268 3122 2447 3191 foret
2483 3144 2653 3192 con—

409 3229 737 3296 inactivus
753 3276 774 3313 ,
825 3230 896 3295 in
939 3229 1215 3316 reliquis
1244 3237 1469 3295 autem
1513 3228 1690 3294 mori
1729 3235 1980 3317 poetae
2010 3226 2409 3313 contrarius,
2459 3234 2655 3318 post-

411 3330 550 3402 hac
575 3334 888 3401 immotos
934 3351 1133 3422 spero
1160 3331 1554 3401 indicativos
1592 3339 1937 3398 mansuros
1979 3352 2142 3399 esse.

617 3434 815 3518 Quae
861 3434 1075 3502 modo
1141 3436 1231 3502 de
1286 3435 1620 3526 particula
1661 3431 1824 3519 ὅτε,
1890 3456 2093 3525 supra
2152 3440 2380 3500 autem
2424 3431 2515 3499 de
2573 3430 2668 3497 iis.

412 3538 757 3628 particulis
801 3547 870 3606 et
908 3529 1416 3629 pronominibus
1433 3587 1454 3622 ‚
1534 3538 1780 3627 quibus
1851 3537 1941 3605 ad
1990 3534 2491 3603 similitudinem
2543 3534 2654 3599 in-

413 3641 777 3709 dicandam
812 3643 1017 3710 utitur
1045 3642 1408 3726 Homerus,
1459 3639 1640 3709 dicta
1692 3649 1842 3710 sunt
1857 3688 1878 3725 ‚
1938 3639 2179 3711 eadem
2218 3638 2453 3705 omnia>⁴
2472 3636 2666 3704 dicta„

413 3744 574 3812 volo
624 3745 711 3813 de
754 3747 1262 3844 pronominibus
1328 3745 1406 3826 ὂς
1451 3753 1519 3812 et
1562 3741 1640 3823 ος
1694 3769 1796 3815 τε
1912 3744 2092 3810 Nam
2143 3740 2323 3808 haec
2372 3761 2648 3830 quoque
2662 3750 2748 3811 16
2836 3785 2856 3800 ι

412 3849 641 3939 tetigit
694 3848 1174 3934 Thierschius‚
1260 3848 1378 3939 qui
1435 3848 1506 3915 in
1566 3847 1795 3938 primo
1858 3845 2174 3929 illorum,
2248 3843 2340 3921 de
2412 3836 2654 3934 quibus
2735 3889 2740 3910 ,

411 3952 626 4018 modo
671 3951 1079 4043 disputatum
1121 3960 1253 4035 est,
1319 3939 1668 4033 locorum,
1719 3946 2168 4039 p.17.legi
2232 3947 2416 4032 vult,
2487 3952 2652 4019 αἵτε

404 4081 605 4125 -κατα
651 4051 994 4146 σταθμόν
1030 4049 1420 4150 ποιμνήϊον
1460 4047 1897 4149 ἠλασκωσιν,
1947 4052 2374 4140 similemque
2427 4059 2653 4117 muta-

408 4158 670 4225 tionem
723 4160 926 4226 etiam
977 4159 1118 4228 aliis
1158 4159 1228 4225 in
1273 4157 1445 4225 locis
1484 4179 1557 4223 se
1593 4155 1932 4224 facturum
1961 4146 2315 4247 significat.
2416 4154 2512 4221 At
2538 4175 2654 4219 re·-

414 4261 704 4329 ctissime
730 4261 988 4353 positus
1017 4270 1114 4330 est
1141 4257 1574 4344 indicativus,
1625 4266 1703 4325 ut
1744 4281 1881 4347 quo
1912 4260 2130 4327 solere
2158 4258 2249 4325 ita
2291 4257 2442 4323 fieri
2477 4254 2650 4322 indi-

413 4372 622 4434 cetur.
725 4367 903 4433 Nam
946 4366 1063 4433 ubi
1100 4365 1190 4432 de
1219 4388 1297 4432 re
1331 4374 1515 4432 certa
1543 4385 1838 4452 vereque
1880 4371 2174 4431 exstante
2189 4410 2208 4445 ‚
2260 4359 2386 4428 vel.
2418 4357 2508 4442 de
2550 4379 2654 4439 ea,

414 4489 595 4556 quae
633 4470 808 4538 solet
844 4469 1030 4560 fieri,
1056 4517 1062 4522 -
1089 4470 1200 4544 vel
1245 4467 1335 4537 de
1374 4477 1822 4560 permanente
1862 4475 2035 4540 statu
2088 4486 2307 4538 sermo
2348 4470 2480 4545 est,
2530 4482 2658 4541 ne·-
