<?xml version="1.0" encoding="UTF-8"?>
<!DOCTYPE html PUBLIC "-//W3C//DTD XHTML 1.0 Transitional//EN"
    "http://www.w3.org/TR/xhtml1/DTD/xhtml1-transitional.dtd">
<html xmlns="http://www.w3.org/1999/xhtml" xml:lang="en" lang="en">
 <head>
  <title>
</title>
<meta http-equiv="Content-Type" content="text/html;charset=utf-8" />
  <meta name='ocr-system' content='tesseract 3.04.00' />
  <meta name='ocr-capabilities' content='ocr_page ocr_carea ocr_par ocr_line ocrx_word'/>
</head>
<body>
  <div class='ocr_page' id='page_1' title='image "./godofrediherman01fritgoog_0094.png"; bbox 0 0 3325 5317; ppageno 0'>
   <div class='ocr_carea' id='block_1_1' title="bbox 684 445 2253 514">
    <p class='ocr_par' dir='ltr' id='par_1_1' title="bbox 684 445 2253 514">
     <span class='ocr_line' id='line_1_1' title="bbox 684 445 2253 514; baseline -0.006 0"><span class='ocrx_word' id='word_1_1' title='bbox 684 452 776 514; x_wconf 82' lang='lat'><strong>88</strong></span> <span class='ocrx_word' id='word_1_2' title='bbox 1356 446 1504 506; x_wconf 87' lang='lat' dir='ltr'><strong>DE</strong></span> <span class='ocrx_word' id='word_1_3' title='bbox 1585 445 2253 506; x_wconf 75' lang='lat' dir='ltr'><strong>AEscHYLI</strong></span> 
     </span>
    </p>
   </div>
   <div class='ocr_carea' id='block_1_2' title="bbox 639 612 3039 4529">
    <p class='ocr_par' dir='ltr' id='par_1_2' title="bbox 639 612 3039 4529">
     <span class='ocr_line' id='line_1_2' title="bbox 687 612 2929 709; baseline -0.002 -23"><span class='ocrx_word' id='word_1_4' title='bbox 687 639 826 686; x_wconf 91' lang='lat' dir='ltr'><strong>non</strong></span> <span class='ocrx_word' id='word_1_5' title='bbox 883 617 1105 687; x_wconf 90' lang='lat' dir='ltr'><strong>solum</strong></span> <span class='ocrx_word' id='word_1_6' title='bbox 1159 637 1293 709; x_wconf 91' lang='lat' dir='ltr'><strong>pro</strong></span> <span class='ocrx_word' id='word_1_7' title='bbox 1341 639 1462 684; x_wconf 92' lang='lat' dir='ltr'><strong>sua</strong></span> <span class='ocrx_word' id='word_1_8' title='bbox 1507 617 1794 707; x_wconf 88' lang='lat' dir='ltr'><strong>quisque</strong></span> <span class='ocrx_word' id='word_1_9' title='bbox 1833 615 2159 686; x_wconf 83' lang='lat' dir='ltr'><strong>facultate</strong></span> <span class='ocrx_word' id='word_1_10' title='bbox 2203 614 2322 684; x_wconf 89' lang='lat' dir='ltr'><strong>alii</strong></span> <span class='ocrx_word' id='word_1_11' title='bbox 2358 613 2555 682; x_wconf 88' lang='lat' dir='ltr'><strong>aliter</strong></span> <span class='ocrx_word' id='word_1_12' title='bbox 2599 612 2929 699; x_wconf 85' lang='lat' dir='ltr'><strong>iudicant,</strong></span> 
     </span>
     <span class='ocr_line' id='line_1_3' title="bbox 687 719 2928 811; baseline -0.002 -21"><span class='ocrx_word' id='word_1_13' title='bbox 687 721 810 790; x_wconf 90' lang='lat' dir='ltr'><strong>sed</strong></span> <span class='ocrx_word' id='word_1_14' title='bbox 856 720 1050 788; x_wconf 88' lang='lat' dir='ltr'><strong>multi</strong></span> <span class='ocrx_word' id='word_1_15' title='bbox 1063 768 1084 803; x_wconf 90' lang='lat'>‚</span> <span class='ocrx_word' id='word_1_16' title='bbox 1135 728 1430 788; x_wconf 82' lang='lat' dir='ltr'><strong>mentem</strong></span> <span class='ocrx_word' id='word_1_17' title='bbox 1458 721 1802 811; x_wconf 88' lang='lat' dir='ltr'><strong>scriptoris</strong></span> <span class='ocrx_word' id='word_1_18' title='bbox 1829 721 1898 787; x_wconf 84' lang='lat' dir='ltr'><strong>in</strong></span> <span class='ocrx_word' id='word_1_19' title='bbox 1925 720 2307 788; x_wconf 87' lang='lat' dir='ltr'><strong>universum</strong></span> <span class='ocrx_word' id='word_1_20' title='bbox 2345 719 2730 809; x_wconf 83' lang='lat' dir='ltr'><strong>percepisse</strong></span> <span class='ocrx_word' id='word_1_21' title='bbox 2753 739 2928 786; x_wconf 88' lang='lat' dir='ltr'><strong>con-</strong></span> 
     </span>
     <span class='ocr_line' id='line_1_4' title="bbox 686 822 2929 913; baseline -0.002 -21"><span class='ocrx_word' id='word_1_22' title='bbox 686 824 889 908; x_wconf 89' lang='lat' dir='ltr'><strong>tenti,</strong></span> <span class='ocrx_word' id='word_1_23' title='bbox 939 822 1011 889; x_wconf 91' lang='lat' dir='ltr'><strong>id</strong></span> <span class='ocrx_word' id='word_1_24' title='bbox 1051 823 1275 913; x_wconf 90' lang='lat' dir='ltr'><strong>ipsum</strong></span> <span class='ocrx_word' id='word_1_25' title='bbox 1317 823 1469 891; x_wconf 90' lang='lat' dir='ltr'><strong>satis</strong></span> <span class='ocrx_word' id='word_1_26' title='bbox 1511 846 1654 892; x_wconf 89' lang='lat' dir='ltr'><strong>esse</strong></span> <span class='ocrx_word' id='word_1_27' title='bbox 1692 823 1782 891; x_wconf 90' lang='lat' dir='ltr'><strong>ad</strong></span> <span class='ocrx_word' id='word_1_28' title='bbox 1826 822 2242 892; x_wconf 86' lang='lat' dir='ltr'><strong>laudandum</strong></span> <span class='ocrx_word' id='word_1_29' title='bbox 2284 845 2441 889; x_wconf 92' lang='lat' dir='ltr'><strong>eum</strong></span> <span class='ocrx_word' id='word_1_30' title='bbox 2491 822 2601 888; x_wconf 89' lang='lat' dir='ltr'><strong>vel</strong></span> <span class='ocrx_word' id='word_1_31' title='bbox 2656 822 2929 913; x_wconf 87' lang='lat' dir='ltr'><strong>vitupe-</strong></span> 
     </span>
     <span class='ocr_line' id='line_1_5' title="bbox 686 924 2928 1016; baseline -0.002 -19"><span class='ocrx_word' id='word_1_32' title='bbox 686 926 977 999; x_wconf 85' lang='lat' dir='ltr'><strong>randum</strong></span> <span class='ocrx_word' id='word_1_33' title='bbox 1031 925 1417 994; x_wconf 87' lang='lat' dir='ltr'><strong>existimant.</strong></span> <span class='ocrx_word' id='word_1_34' title='bbox 1532 926 1675 1011; x_wconf 80' lang='lat' dir='ltr'><strong>Qui</strong></span> <span class='ocrx_word' id='word_1_35' title='bbox 1732 947 1920 994; x_wconf 90' lang='lat' dir='ltr'><strong>error</strong></span> <span class='ocrx_word' id='word_1_36' title='bbox 1990 948 2202 1016; x_wconf 89' lang='lat' dir='ltr'><strong>quum</strong></span> <span class='ocrx_word' id='word_1_37' title='bbox 2245 925 2433 994; x_wconf 90' lang='lat' dir='ltr'><strong>nullo</strong></span> <span class='ocrx_word' id='word_1_38' title='bbox 2483 924 2555 991; x_wconf 89' lang='lat' dir='ltr'><strong>in</strong></span> <span class='ocrx_word' id='word_1_39' title='bbox 2598 925 2928 1015; x_wconf 85' lang='lat' dir='ltr'><strong>scriptore</strong></span> 
     </span>
     <span class='ocr_line' id='line_1_6' title="bbox 686 1028 2933 1121; baseline -0.001 -25"><span class='ocrx_word' id='word_1_40' title='bbox 686 1029 853 1097; x_wconf 88' lang='lat' dir='ltr'><strong>levis</strong></span> <span class='ocrx_word' id='word_1_41' title='bbox 894 1028 975 1096; x_wconf 86' lang='lat' dir='ltr'><strong>sit</strong></span> <span class='ocrx_word' id='word_1_42' title='bbox 988 1076 1009 1111; x_wconf 90' lang='lat'>‚</span> <span class='ocrx_word' id='word_1_43' title='bbox 1062 1029 1486 1121; x_wconf 85' lang='lat' dir='ltr'><strong>gravissimus</strong></span> <span class='ocrx_word' id='word_1_44' title='bbox 1531 1039 1633 1098; x_wconf 91' lang='lat' dir='ltr'><strong>est</strong></span> <span class='ocrx_word' id='word_1_45' title='bbox 1665 1029 1739 1097; x_wconf 90' lang='lat' dir='ltr'><strong>in</strong></span> <span class='ocrx_word' id='word_1_46' title='bbox 1775 1030 1855 1098; x_wconf 88' lang='lat' dir='ltr'><strong>iis</strong></span> <span class='ocrx_word' id='word_1_47' title='bbox 1881 1029 2317 1120; x_wconf 80' lang='lat' dir='ltr'><strong>scriptoribus</strong></span> <span class='ocrx_word' id='word_1_48' title='bbox 2331 1077 2353 1114; x_wconf 97' lang='lat'><strong>,</strong></span> <span class='ocrx_word' id='word_1_49' title='bbox 2405 1048 2695 1116; x_wconf 90' lang='lat' dir='ltr'><strong>quorum</strong></span> <span class='ocrx_word' id='word_1_50' title='bbox 2721 1047 2933 1119; x_wconf 88' lang='lat' dir='ltr'><strong>prae-</strong></span> 
     </span>
     <span class='ocr_line' id='line_1_7' title="bbox 689 1130 2927 1224; baseline -0.002 -22"><span class='ocrx_word' id='word_1_51' title='bbox 689 1133 890 1224; x_wconf 91' lang='lat' dir='ltr'><strong>cipua</strong></span> <span class='ocrx_word' id='word_1_52' title='bbox 920 1132 1124 1200; x_wconf 88' lang='lat' dir='ltr'><strong>virtus</strong></span> <span class='ocrx_word' id='word_1_53' title='bbox 1140 1181 1162 1218; x_wconf 98' lang='lat'><strong>,</strong></span> <span class='ocrx_word' id='word_1_54' title='bbox 1213 1140 1288 1199; x_wconf 92' lang='lat' dir='ltr'><strong>ut</strong></span> <span class='ocrx_word' id='word_1_55' title='bbox 1313 1141 1671 1223; x_wconf 89' lang='lat' dir='ltr'><strong>poetarum</strong></span> <span class='ocrx_word' id='word_1_56' title='bbox 1717 1141 1786 1200; x_wconf 88' lang='lat' dir='ltr'><strong>et</strong></span> <span class='ocrx_word' id='word_1_57' title='bbox 1830 1143 2195 1215; x_wconf 88' lang='lat' dir='ltr'><strong>oratorum,</strong></span> <span class='ocrx_word' id='word_1_58' title='bbox 2245 1131 2316 1198; x_wconf 91' lang='lat' dir='ltr'><strong>in</strong></span> <span class='ocrx_word' id='word_1_59' title='bbox 2346 1130 2638 1199; x_wconf 85' lang='lat' dir='ltr'><strong>dictione</strong></span> <span class='ocrx_word' id='word_1_60' title='bbox 2682 1133 2927 1201; x_wconf 89' lang='lat' dir='ltr'><strong>elucet.</strong></span> 
     </span>
     <span class='ocr_line' id='line_1_8' title="bbox 687 1233 2930 1327; baseline -0.003 -22"><span class='ocrx_word' id='word_1_61' title='bbox 687 1237 869 1305; x_wconf 91' lang='lat' dir='ltr'><strong>Nam</strong></span> <span class='ocrx_word' id='word_1_62' title='bbox 917 1235 1034 1324; x_wconf 87' lang='lat' dir='ltr'><strong>qui</strong></span> <span class='ocrx_word' id='word_1_63' title='bbox 1078 1235 1354 1327; x_wconf 88' lang='lat' dir='ltr'><strong>linguae</strong></span> <span class='ocrx_word' id='word_1_64' title='bbox 1405 1237 1748 1305; x_wconf 84' lang='lat' dir='ltr'><strong>scientiam</strong></span> <span class='ocrx_word' id='word_1_65' title='bbox 1763 1283 1784 1318; x_wconf 90' lang='lat'>‚</span> <span class='ocrx_word' id='word_1_66' title='bbox 1864 1236 2055 1327; x_wconf 89' lang='lat' dir='ltr'><strong>quod</strong></span> <span class='ocrx_word' id='word_1_67' title='bbox 2097 1257 2256 1304; x_wconf 85' lang='lat' dir='ltr'><strong>sane</strong></span> <span class='ocrx_word' id='word_1_68' title='bbox 2298 1234 2555 1302; x_wconf 87' lang='lat' dir='ltr'><strong>faciunt</strong></span> <span class='ocrx_word' id='word_1_69' title='bbox 2601 1233 2930 1318; x_wconf 87' lang='lat' dir='ltr'><strong>nonnulli,</strong></span> 
     </span>
     <span class='ocr_line' id='line_1_9' title="bbox 691 1338 2930 1431; baseline -0.001 -25"><span class='ocrx_word' id='word_1_70' title='bbox 691 1339 762 1406; x_wconf 90' lang='lat' dir='ltr'><strong>in</strong></span> <span class='ocrx_word' id='word_1_71' title='bbox 813 1360 898 1406; x_wconf 90' lang='lat' dir='ltr'><strong>eo</strong></span> <span class='ocrx_word' id='word_1_72' title='bbox 942 1338 1301 1408; x_wconf 85' lang='lat' dir='ltr'><strong>consistere</strong></span> <span class='ocrx_word' id='word_1_73' title='bbox 1347 1347 1622 1430; x_wconf 88' lang='lat' dir='ltr'><strong>putant,</strong></span> <span class='ocrx_word' id='word_1_74' title='bbox 1675 1348 1750 1407; x_wconf 92' lang='lat' dir='ltr'><strong>ut</strong></span> <span class='ocrx_word' id='word_1_75' title='bbox 1802 1341 1951 1428; x_wconf 91' lang='lat' dir='ltr'><strong>quis</strong></span> <span class='ocrx_word' id='word_1_76' title='bbox 2003 1339 2522 1431; x_wconf 86' lang='lat' dir='ltr'><strong>significationes</strong></span> <span class='ocrx_word' id='word_1_77' title='bbox 2564 1339 2930 1404; x_wconf 86' lang='lat' dir='ltr'><strong>verborum</strong></span> 
     </span>
     <span class='ocr_line' id='line_1_10' title="bbox 639 1440 2928 1533; baseline -0.001 -25"><span class='ocrx_word' id='word_1_78' title='bbox 639 1446 684 1507; x_wconf 83' lang='lat'>4</span> <span class='ocrx_word' id='word_1_79' title='bbox 699 1450 766 1509; x_wconf 88' lang='lat' dir='ltr'><strong>et</strong></span> <span class='ocrx_word' id='word_1_80' title='bbox 813 1442 1337 1512; x_wconf 85' lang='lat' dir='ltr'><strong>constructiones</strong></span> <span class='ocrx_word' id='word_1_81' title='bbox 1378 1450 1604 1510; x_wconf 88' lang='lat' dir='ltr'><strong>teneat</strong></span> <span class='ocrx_word' id='word_1_82' title='bbox 1618 1490 1639 1525; x_wconf 91' lang='lat'>‚</span> <span class='ocrx_word' id='word_1_83' title='bbox 1692 1465 1820 1509; x_wconf 91' lang='lat' dir='ltr'><strong>nae</strong></span> <span class='ocrx_word' id='word_1_84' title='bbox 1864 1441 1963 1510; x_wconf 91' lang='lat' dir='ltr'><strong>illi</strong></span> <span class='ocrx_word' id='word_1_85' title='bbox 1995 1465 2239 1533; x_wconf 89' lang='lat' dir='ltr'><strong>parum</strong></span> <span class='ocrx_word' id='word_1_86' title='bbox 2272 1441 2620 1533; x_wconf 88' lang='lat' dir='ltr'><strong>cognitum</strong></span> <span class='ocrx_word' id='word_1_87' title='bbox 2649 1440 2928 1524; x_wconf 90' lang='lat' dir='ltr'><strong>habent,</strong></span> 
     </span>
     <span class='ocr_line' id='line_1_11' title="bbox 689 1543 2931 1636; baseline -0.001 -23"><span class='ocrx_word' id='word_1_88' title='bbox 689 1545 883 1635; x_wconf 90' lang='lat' dir='ltr'><strong>quod</strong></span> <span class='ocrx_word' id='word_1_89' title='bbox 941 1546 1023 1614; x_wconf 90' lang='lat' dir='ltr'><strong>sit</strong></span> <span class='ocrx_word' id='word_1_90' title='bbox 1073 1545 1450 1636; x_wconf 88' lang='lat' dir='ltr'><strong>interpretis</strong></span> <span class='ocrx_word' id='word_1_91' title='bbox 1501 1543 1845 1613; x_wconf 80' lang='lat' dir='ltr'><strong>officium:</strong></span> <span class='ocrx_word' id='word_1_92' title='bbox 1922 1568 2126 1634; x_wconf 89' lang='lat' dir='ltr'><strong>quem</strong></span> <span class='ocrx_word' id='word_1_93' title='bbox 2186 1544 2361 1612; x_wconf 84' lang='lat' dir='ltr'><strong>illud</strong></span> <span class='ocrx_word' id='word_1_94' title='bbox 2418 1566 2693 1632; x_wconf 89' lang='lat' dir='ltr'><strong>quoque</strong></span> <span class='ocrx_word' id='word_1_95' title='bbox 2759 1543 2931 1613; x_wconf 90' lang='lat' dir='ltr'><strong>scire</strong></span> 
     </span>
     <span class='ocr_line' id='line_1_12' title="bbox 689 1647 2929 1739; baseline -0.001 -23"><span class='ocrx_word' id='word_1_96' title='bbox 689 1657 1001 1738; x_wconf 85' lang='lat' dir='ltr'><strong>oportet,</strong></span> <span class='ocrx_word' id='word_1_97' title='bbox 1054 1671 1260 1738; x_wconf 90' lang='lat' dir='ltr'><strong>quam</strong></span> <span class='ocrx_word' id='word_1_98' title='bbox 1293 1649 1429 1715; x_wconf 92' lang='lat' dir='ltr'><strong>vim</strong></span> <span class='ocrx_word' id='word_1_99' title='bbox 1458 1658 1524 1716; x_wconf 92' lang='lat' dir='ltr'><strong>et</strong></span> <span class='ocrx_word' id='word_1_100' title='bbox 1556 1656 1967 1739; x_wconf 86' lang='lat' dir='ltr'><strong>potestatem</strong></span> <span class='ocrx_word' id='word_1_101' title='bbox 2006 1669 2318 1737; x_wconf 80' lang='lat' dir='ltr'><strong>quaeque</strong></span> <span class='ocrx_word' id='word_1_102' title='bbox 2348 1647 2677 1736; x_wconf 89' lang='lat' dir='ltr'><strong>loquendi</strong></span> <span class='ocrx_word' id='word_1_103' title='bbox 2706 1647 2929 1714; x_wconf 86' lang='lat' dir='ltr'><strong>forma</strong></span> 
     </span>
     <span class='ocr_line' id='line_1_13' title="bbox 687 1749 2928 1841; baseline -0.001 -23"><span class='ocrx_word' id='word_1_104' title='bbox 687 1750 975 1838; x_wconf 90' lang='lat' dir='ltr'><strong>habeat,</strong></span> <span class='ocrx_word' id='word_1_105' title='bbox 1026 1774 1114 1818; x_wconf 88' lang='lat' dir='ltr'><strong>ne</strong></span> <span class='ocrx_word' id='word_1_106' title='bbox 1152 1751 1427 1841; x_wconf 88' lang='lat' dir='ltr'><strong>poetica</strong></span> <span class='ocrx_word' id='word_1_107' title='bbox 1466 1774 1623 1820; x_wconf 90' lang='lat' dir='ltr'><strong>cum</strong></span> <span class='ocrx_word' id='word_1_108' title='bbox 1666 1752 2127 1841; x_wconf 84' lang='lat' dir='ltr'><strong>pedestribus,</strong></span> <span class='ocrx_word' id='word_1_109' title='bbox 2179 1751 2357 1825; x_wconf 75' lang='lat' dir='ltr'><strong>serio</strong></span> <span class='ocrx_word' id='word_1_110' title='bbox 2402 1750 2585 1818; x_wconf 89' lang='lat' dir='ltr'><strong>dicta</strong></span> <span class='ocrx_word' id='word_1_111' title='bbox 2629 1772 2785 1819; x_wconf 87' lang='lat' dir='ltr'><strong>cum</strong></span> <span class='ocrx_word' id='word_1_112' title='bbox 2822 1749 2928 1816; x_wconf 88' lang='lat' dir='ltr'><strong>lu-</strong></span> 
     </span>
     <span class='ocr_line' id='line_1_14' title="bbox 691 1853 2930 1947; baseline -0.001 -26"><span class='ocrx_word' id='word_1_113' title='bbox 691 1853 891 1922; x_wconf 89' lang='lat' dir='ltr'><strong>dicris</strong></span> <span class='ocrx_word' id='word_1_114' title='bbox 907 1902 928 1937; x_wconf 90' lang='lat'>‚</span> <span class='ocrx_word' id='word_1_115' title='bbox 995 1853 1315 1943; x_wconf 88' lang='lat' dir='ltr'><strong>exquisita</strong></span> <span class='ocrx_word' id='word_1_116' title='bbox 1367 1876 1525 1924; x_wconf 86' lang='lat' dir='ltr'><strong>cum</strong></span> <span class='ocrx_word' id='word_1_117' title='bbox 1573 1855 1964 1947; x_wconf 85' lang='lat' dir='ltr'><strong>vulgaribus</strong></span> <span class='ocrx_word' id='word_1_118' title='bbox 1985 1904 2006 1941; x_wconf 90' lang='lat'><strong>,</strong></span> <span class='ocrx_word' id='word_1_119' title='bbox 2090 1854 2327 1945; x_wconf 90' lang='lat' dir='ltr'><strong>gravia</strong></span> <span class='ocrx_word' id='word_1_120' title='bbox 2385 1875 2541 1921; x_wconf 90' lang='lat' dir='ltr'><strong>cum</strong></span> <span class='ocrx_word' id='word_1_121' title='bbox 2595 1853 2930 1936; x_wconf 79' lang='lat' dir='ltr'><strong>tenuibus,</strong></span> 
     </span>
     <span class='ocr_line' id='line_1_15' title="bbox 690 1955 2931 2048; baseline 0 -26"><span class='ocrx_word' id='word_1_122' title='bbox 690 1955 978 2048; x_wconf 83' lang='lat' dir='ltr'><strong>grandia</strong></span> <span class='ocrx_word' id='word_1_123' title='bbox 1036 1978 1193 2039; x_wconf 86' lang='lat' dir='ltr'><strong>cum</strong></span> <span class='ocrx_word' id='word_1_124' title='bbox 1237 1956 1515 2047; x_wconf 82' lang='lat' dir='ltr'><strong>exilibus</strong></span> <span class='ocrx_word' id='word_1_125' title='bbox 1558 1959 1981 2048; x_wconf 88' lang='lat' dir='ltr'><strong>permisceat.</strong></span> <span class='ocrx_word' id='word_1_126' title='bbox 2108 1957 2305 2042; x_wconf 81' lang='lat' dir='ltr'><strong>Quae</strong></span> <span class='ocrx_word' id='word_1_127' title='bbox 2357 1956 2475 2045; x_wconf 77' lang='lat' dir='ltr'><strong>qui</strong></span> <span class='ocrx_word' id='word_1_128' title='bbox 2514 1955 2931 2048; x_wconf 86' lang='lat' dir='ltr'><strong>distinguere</strong></span> 
     </span>
     <span class='ocr_line' id='line_1_16' title="bbox 689 2057 2930 2152; baseline -0.001 -22"><span class='ocrx_word' id='word_1_129' title='bbox 689 2059 1025 2145; x_wconf 87' lang='lat' dir='ltr'><strong>nesciunt,</strong></span> <span class='ocrx_word' id='word_1_130' title='bbox 1074 2061 1545 2129; x_wconf 84' lang='lat' dir='ltr'><strong>tantummodo</strong></span> <span class='ocrx_word' id='word_1_131' title='bbox 1592 2060 1684 2129; x_wconf 90' lang='lat' dir='ltr'><strong>de</strong></span> <span class='ocrx_word' id='word_1_132' title='bbox 1733 2086 1869 2152; x_wconf 91' lang='lat' dir='ltr'><strong>qua</strong></span> <span class='ocrx_word' id='word_1_133' title='bbox 1909 2085 1986 2129; x_wconf 92' lang='lat' dir='ltr'><strong>re</strong></span> <span class='ocrx_word' id='word_1_134' title='bbox 2032 2062 2179 2150; x_wconf 89' lang='lat' dir='ltr'><strong>quis</strong></span> <span class='ocrx_word' id='word_1_135' title='bbox 2222 2062 2503 2144; x_wconf 90' lang='lat' dir='ltr'><strong>scribat,</strong></span> <span class='ocrx_word' id='word_1_136' title='bbox 2580 2081 2719 2128; x_wconf 90' lang='lat' dir='ltr'><strong>non</strong></span> <span class='ocrx_word' id='word_1_137' title='bbox 2763 2057 2930 2150; x_wconf 91' lang='lat' dir='ltr'><strong>quid</strong></span> 
     </span>
     <span class='ocr_line' id='line_1_17' title="bbox 690 2163 2929 2255; baseline -0.002 -21"><span class='ocrx_word' id='word_1_138' title='bbox 690 2163 969 2249; x_wconf 85' lang='lat' dir='ltr'><strong>scribat,</strong></span> <span class='ocrx_word' id='word_1_139' title='bbox 1050 2163 1306 2233; x_wconf 88' lang='lat' dir='ltr'><strong>nedmn</strong></span> <span class='ocrx_word' id='word_1_140' title='bbox 1353 2164 1706 2253; x_wconf 90' lang='lat' dir='ltr'><strong>quomodo</strong></span> <span class='ocrx_word' id='word_1_141' title='bbox 1763 2166 2010 2234; x_wconf 88' lang='lat' dir='ltr'><strong>scribat</strong></span> <span class='ocrx_word' id='word_1_142' title='bbox 2024 2213 2045 2248; x_wconf 90' lang='lat'>‚</span> <span class='ocrx_word' id='word_1_143' title='bbox 2113 2164 2518 2255; x_wconf 86' lang='lat' dir='ltr'><strong>intelligunt.</strong></span> <span class='ocrx_word' id='word_1_144' title='bbox 2639 2164 2748 2232; x_wconf 89' lang='lat' dir='ltr'><strong>Ex</strong></span> <span class='ocrx_word' id='word_1_145' title='bbox 2791 2184 2929 2251; x_wconf 91' lang='lat' dir='ltr'><strong>quo</strong></span> 
     </span>
     <span class='ocr_line' id='line_1_18' title="bbox 691 2266 2933 2359; baseline -0 -24"><span class='ocrx_word' id='word_1_146' title='bbox 691 2267 1153 2356; x_wconf 88' lang='lat' dir='ltr'><strong>consequitur,</strong></span> <span class='ocrx_word' id='word_1_147' title='bbox 1206 2276 1316 2352; x_wconf 89' lang='lat' dir='ltr'><strong>ut,</strong></span> <span class='ocrx_word' id='word_1_148' title='bbox 1367 2267 1490 2335; x_wconf 90' lang='lat' dir='ltr'><strong>nisi</strong></span> <span class='ocrx_word' id='word_1_149' title='bbox 1526 2276 1671 2335; x_wconf 87' lang='lat' dir='ltr'><strong>tota</strong></span> <span class='ocrx_word' id='word_1_150' title='bbox 1708 2268 1818 2337; x_wconf 89' lang='lat' dir='ltr'><strong>via</strong></span> <span class='ocrx_word' id='word_1_151' title='bbox 1849 2292 1891 2335; x_wconf 92' lang='lat' dir='ltr'><strong>a</strong></span> <span class='ocrx_word' id='word_1_152' title='bbox 1928 2276 2153 2335; x_wconf 89' lang='lat' dir='ltr'><strong>mente</strong></span> <span class='ocrx_word' id='word_1_153' title='bbox 2183 2266 2599 2355; x_wconf 85' lang='lat' dir='ltr'><strong>consilioque</strong></span> <span class='ocrx_word' id='word_1_154' title='bbox 2641 2267 2933 2359; x_wconf 87' lang='lat' dir='ltr'><strong>scripto-</strong></span> 
     </span>
     <span class='ocr_line' id='line_1_19' title="bbox 685 2369 2941 2458; baseline -0 -18"><span class='ocrx_word' id='word_1_155' title='bbox 685 2369 774 2440; x_wconf 86' lang='lat' dir='ltr'><strong>ris</strong></span> <span class='ocrx_word' id='word_1_156' title='bbox 801 2371 1144 2454; x_wconf 87' lang='lat' dir='ltr'><strong>aberrent,</strong></span> <span class='ocrx_word' id='word_1_157' title='bbox 1196 2380 1379 2441; x_wconf 91' lang='lat' dir='ltr'><strong>certe</strong></span> <span class='ocrx_word' id='word_1_158' title='bbox 1415 2394 1553 2439; x_wconf 92' lang='lat' dir='ltr'><strong>non</strong></span> <span class='ocrx_word' id='word_1_159' title='bbox 1581 2371 2110 2440; x_wconf 84' lang='lat' dir='ltr'><strong>animadvertant</strong></span> <span class='ocrx_word' id='word_1_160' title='bbox 2149 2370 2408 2455; x_wconf 90' lang='lat' dir='ltr'><strong>omnia,</strong></span> <span class='ocrx_word' id='word_1_161' title='bbox 2460 2390 2749 2458; x_wconf 90' lang='lat' dir='ltr'><strong>quorum</strong></span> <span class='ocrx_word' id='word_1_162' title='bbox 2793 2369 2941 2439; x_wconf 79' lang='lat' dir='ltr'><strong>-ali-&#39;</strong></span> 
     </span>
     <span class='ocr_line' id='line_1_20' title="bbox 685 2472 2933 2566; baseline 0 -25"><span class='ocrx_word' id='word_1_163' title='bbox 685 2473 933 2564; x_wconf 93' lang='lat' dir='ltr'><strong>quod</strong></span> <span class='ocrx_word' id='word_1_164' title='bbox 913 2496 983 2545; x_wconf 85' lang='grc' dir='ltr'><strong>ιιι</strong></span> <span class='ocrx_word' id='word_1_165' title='bbox 1020 2473 1383 2543; x_wconf 89' lang='lat' dir='ltr'><strong>iudicando</strong></span> <span class='ocrx_word' id='word_1_166' title='bbox 1426 2486 1847 2545; x_wconf 89' lang='lat' dir='ltr'><strong>momentum</strong></span> <span class='ocrx_word' id='word_1_167' title='bbox 1884 2475 1985 2543; x_wconf 88' lang='lat' dir='ltr'><strong>sit.</strong></span> <span class='ocrx_word' id='word_1_168' title='bbox 2101 2474 2373 2566; x_wconf 90' lang='lat' dir='ltr'><strong>Insigne</strong></span> <span class='ocrx_word' id='word_1_169' title='bbox 2418 2472 2668 2541; x_wconf 87' lang='lat' dir='ltr'><strong>horum</strong></span> <span class='ocrx_word' id='word_1_170' title='bbox 2684 2521 2705 2558; x_wconf 89' lang='lat'><strong>,</strong></span> <span class='ocrx_word' id='word_1_171' title='bbox 2757 2494 2933 2562; x_wconf 89' lang='lat' dir='ltr'><strong>quae</strong></span> 
     </span>
     <span class='ocr_line' id='line_1_21' title="bbox 687 2575 2932 2670; baseline -0.001 -24"><span class='ocrx_word' id='word_1_172' title='bbox 687 2576 860 2662; x_wconf 91' lang='lat' dir='ltr'><strong>dixi,</strong></span> <span class='ocrx_word' id='word_1_173' title='bbox 933 2579 1319 2669; x_wconf 85' lang='lat' dir='ltr'><strong>exemplum</strong></span> <span class='ocrx_word' id='word_1_174' title='bbox 1367 2579 1700 2670; x_wconf 87' lang='lat' dir='ltr'><strong>praebent</strong></span> <span class='ocrx_word' id='word_1_175' title='bbox 1754 2578 2082 2668; x_wconf 73' lang='lat' dir='ltr'><strong>Aeschyli</strong></span> <span class='ocrx_word' id='word_1_176' title='bbox 2142 2579 2422 2646; x_wconf 82' lang='lat' dir='ltr'><strong>Persae:</strong></span> <span class='ocrx_word' id='word_1_177' title='bbox 2491 2576 2599 2646; x_wconf 87' lang='lat' dir='ltr'><strong>cui</strong></span> <span class='ocrx_word' id='word_1_178' title='bbox 2656 2575 2932 2644; x_wconf 83' lang='lat' dir='ltr'><strong>fabulae</strong></span> 
     </span>
     <span class='ocr_line' id='line_1_22' title="bbox 685 2678 2932 2774; baseline -0.003 -23"><span class='ocrx_word' id='word_1_179' title='bbox 685 2678 1082 2751; x_wconf 85' lang='lat' dir='ltr'><strong>incredibile</strong></span> <span class='ocrx_word' id='word_1_180' title='bbox 1125 2680 1314 2754; x_wconf 80' lang='lat' dir='ltr'><strong>dictu</strong></span> <span class='ocrx_word' id='word_1_181' title='bbox 1360 2693 1458 2749; x_wconf 87' lang='lat' dir='ltr'><strong>est</strong></span> <span class='ocrx_word' id='word_1_182' title='bbox 1506 2704 1712 2769; x_wconf 87' lang='lat' dir='ltr'><strong>quam</strong></span> <span class='ocrx_word' id='word_1_183' title='bbox 1751 2681 2199 2774; x_wconf 87' lang='lat' dir='ltr'><strong>repugnantia</strong></span> <span class='ocrx_word' id='word_1_184' title='bbox 2244 2678 2647 2770; x_wconf 87' lang='lat' dir='ltr'><strong>contigerint</strong></span> <span class='ocrx_word' id='word_1_185' title='bbox 2684 2679 2932 2747; x_wconf 88' lang='lat' dir='ltr'><strong>docto-</strong></span> 
     </span>
     <span class='ocr_line' id='line_1_23' title="bbox 687 2781 2934 2873; baseline -0 -21"><span class='ocrx_word' id='word_1_186' title='bbox 687 2804 843 2852; x_wconf 86' lang='lat' dir='ltr'><strong>rum</strong></span> <span class='ocrx_word' id='word_1_187' title='bbox 886 2781 1168 2851; x_wconf 81' lang='lat' dir='ltr'><strong>iudicia:</strong></span> <span class='ocrx_word' id='word_1_188' title='bbox 1220 2804 1392 2872; x_wconf 90' lang='lat' dir='ltr'><strong>quos</strong></span> <span class='ocrx_word' id='word_1_189' title='bbox 1438 2783 1493 2853; x_wconf 88' lang='lat' dir='ltr'><strong>si</strong></span> <span class='ocrx_word' id='word_1_190' title='bbox 1527 2784 1793 2869; x_wconf 89' lang='lat' dir='ltr'><strong>audias,</strong></span> <span class='ocrx_word' id='word_1_191' title='bbox 1842 2783 2096 2852; x_wconf 89' lang='lat' dir='ltr'><strong>nescias</strong></span> <span class='ocrx_word' id='word_1_192' title='bbox 2137 2783 2452 2873; x_wconf 86' lang='lat' dir='ltr'><strong>profecto</strong></span> <span class='ocrx_word' id='word_1_193' title='bbox 2468 2831 2489 2868; x_wconf 90' lang='lat'><strong>,</strong></span> <span class='ocrx_word' id='word_1_194' title='bbox 2541 2794 2764 2851; x_wconf 88' lang='lat' dir='ltr'><strong>utrum</strong></span> <span class='ocrx_word' id='word_1_195' title='bbox 2805 2782 2934 2851; x_wconf 90' lang='lat' dir='ltr'><strong>ad-</strong></span> 
     </span>
     <span class='ocr_line' id='line_1_24' title="bbox 688 2884 2935 2978; baseline -0 -24"><span class='ocrx_word' id='word_1_196' title='bbox 688 2884 915 2954; x_wconf 88' lang='lat' dir='ltr'><strong>mirari</strong></span> <span class='ocrx_word' id='word_1_197' title='bbox 965 2908 1245 2975; x_wconf 88' lang='lat' dir='ltr'><strong>gravem</strong></span> <span class='ocrx_word' id='word_1_198' title='bbox 1304 2885 1547 2953; x_wconf 89' lang='lat' dir='ltr'><strong>eximia</strong></span> <span class='ocrx_word' id='word_1_199' title='bbox 1592 2887 1994 2955; x_wconf 87' lang='lat' dir='ltr'><strong>sublimitate</strong></span> <span class='ocrx_word' id='word_1_200' title='bbox 2037 2885 2464 2978; x_wconf 87' lang='lat' dir='ltr'><strong>tragoediam</strong></span> <span class='ocrx_word' id='word_1_201' title='bbox 2482 2933 2503 2970; x_wconf 88' lang='lat'><strong>,</strong></span> <span class='ocrx_word' id='word_1_202' title='bbox 2582 2909 2670 2954; x_wconf 88' lang='lat' dir='ltr'><strong>an</strong></span> <span class='ocrx_word' id='word_1_203' title='bbox 2711 2886 2935 2957; x_wconf 88' lang='lat' dir='ltr'><strong>ridere</strong></span> 
     </span>
     <span class='ocr_line' id='line_1_25' title="bbox 690 2988 2935 3080; baseline -0.001 -23"><span class='ocrx_word' id='word_1_204' title='bbox 690 2988 1158 3074; x_wconf 88' lang='lat' dir='ltr'><strong>comoediam,</strong></span> <span class='ocrx_word' id='word_1_205' title='bbox 1208 2989 1593 3060; x_wconf 85' lang='lat' dir='ltr'><strong>scurrilibus</strong></span> <span class='ocrx_word' id='word_1_206' title='bbox 1642 2991 1811 3058; x_wconf 90' lang='lat' dir='ltr'><strong>iocis</strong></span> <span class='ocrx_word' id='word_1_207' title='bbox 1855 2992 2281 3077; x_wconf 88' lang='lat' dir='ltr'><strong>obscenaque</strong></span> <span class='ocrx_word' id='word_1_208' title='bbox 2324 2989 2739 3080; x_wconf 86' lang='lat' dir='ltr'><strong>turpitudine</strong></span> <span class='ocrx_word' id='word_1_209' title='bbox 2780 2991 2935 3080; x_wconf 82' lang='lat' dir='ltr'><strong>ple-</strong></span> 
     </span>
     <span class='ocr_line' id='line_1_26' title="bbox 688 3092 2935 3183; baseline -0 -22"><span class='ocrx_word' id='word_1_210' title='bbox 688 3114 882 3177; x_wconf 85' lang='lat' dir='ltr'><strong>nam,</strong></span> <span class='ocrx_word' id='word_1_211' title='bbox 935 3101 1267 3182; x_wconf 88' lang='lat' dir='ltr'><strong>oporteat.</strong></span> <span class='ocrx_word' id='word_1_212' title='bbox 1368 3093 1608 3181; x_wconf 88' lang='lat' dir='ltr'><strong>Neque</strong></span> <span class='ocrx_word' id='word_1_213' title='bbox 1652 3105 1818 3162; x_wconf 91' lang='lat' dir='ltr'><strong>vero</strong></span> <span class='ocrx_word' id='word_1_214' title='bbox 1856 3093 1973 3162; x_wconf 91' lang='lat' dir='ltr'><strong>hic</strong></span> <span class='ocrx_word' id='word_1_215' title='bbox 1991 3141 2011 3177; x_wconf 87' lang='lat'><strong>,</strong></span> <span class='ocrx_word' id='word_1_216' title='bbox 2065 3093 2257 3183; x_wconf 90' lang='lat' dir='ltr'><strong>quod</strong></span> <span class='ocrx_word' id='word_1_217' title='bbox 2290 3093 2451 3161; x_wconf 88' lang='lat' dir='ltr'><strong>alias</strong></span> <span class='ocrx_word' id='word_1_218' title='bbox 2501 3095 2572 3162; x_wconf 93' lang='lat' dir='ltr'><strong>in</strong></span> <span class='ocrx_word' id='word_1_219' title='bbox 2620 3092 2743 3162; x_wconf 88' lang='lat' dir='ltr'><strong>tali</strong></span> <span class='ocrx_word' id='word_1_220' title='bbox 2783 3115 2935 3160; x_wconf 84' lang='lat' dir='ltr'><strong>sen-</strong></span> 
     </span>
     <span class='ocr_line' id='line_1_27' title="bbox 687 3194 2934 3285; baseline -0.001 -21"><span class='ocrx_word' id='word_1_221' title='bbox 687 3194 1047 3264; x_wconf 87' lang='lat' dir='ltr'><strong>tentiarum</strong></span> <span class='ocrx_word' id='word_1_222' title='bbox 1104 3195 1554 3285; x_wconf 88' lang='lat' dir='ltr'><strong>discrepantia</strong></span> <span class='ocrx_word' id='word_1_223' title='bbox 1600 3195 1858 3266; x_wconf 84' lang='lat' dir='ltr'><strong>factum</strong></span> <span class='ocrx_word' id='word_1_224' title='bbox 1904 3196 2211 3265; x_wconf 80' lang='lat' dir='ltr'><strong>videmus</strong></span> <span class='ocrx_word' id='word_1_225' title='bbox 2228 3245 2249 3281; x_wconf 89' lang='lat'><strong>,</strong></span> <span class='ocrx_word' id='word_1_226' title='bbox 2309 3218 2545 3265; x_wconf 88' lang='lat' dir='ltr'><strong>verum</strong></span> <span class='ocrx_word' id='word_1_227' title='bbox 2588 3197 2660 3266; x_wconf 92' lang='lat' dir='ltr'><strong>in</strong></span> <span class='ocrx_word' id='word_1_228' title='bbox 2705 3195 2934 3265; x_wconf 91' lang='lat' dir='ltr'><strong>medio</strong></span> 
     </span>
     <span class='ocr_line' id='line_1_28' title="bbox 686 3296 2938 3394; baseline 0 -30"><span class='ocrx_word' id='word_1_229' title='bbox 686 3296 985 3392; x_wconf 87' lang='lat' dir='ltr'><strong>positum</strong></span> <span class='ocrx_word' id='word_1_230' title='bbox 1029 3307 1163 3385; x_wconf 90' lang='lat' dir='ltr'><strong>est,</strong></span> <span class='ocrx_word' id='word_1_231' title='bbox 1216 3299 1373 3383; x_wconf 90' lang='lat' dir='ltr'><strong>sed,</strong></span> <span class='ocrx_word' id='word_1_232' title='bbox 1424 3300 1550 3367; x_wconf 90' lang='lat' dir='ltr'><strong>nisi</strong></span> <span class='ocrx_word' id='word_1_233' title='bbox 1589 3301 1872 3394; x_wconf 85' lang='lat' dir='ltr'><strong>egregie</strong></span> <span class='ocrx_word' id='word_1_234' title='bbox 1921 3300 2162 3385; x_wconf 86' lang='lat' dir='ltr'><strong>fallor,</strong></span> <span class='ocrx_word' id='word_1_235' title='bbox 2213 3301 2308 3367; x_wconf 75' lang='lat' dir='ltr'><strong>ita</strong></span> <span class='ocrx_word' id='word_1_236' title='bbox 2353 3308 2574 3367; x_wconf 88' lang='lat' dir='ltr'><strong>totum</strong></span> <span class='ocrx_word' id='word_1_237' title='bbox 2607 3299 2694 3366; x_wconf 92' lang='lat' dir='ltr'><strong>ab</strong></span> <span class='ocrx_word' id='word_1_238' title='bbox 2728 3299 2938 3367; x_wconf 89' lang='lat' dir='ltr'><strong>altera</strong></span> 
     </span>
     <span class='ocr_line' id='line_1_29' title="bbox 689 3402 2938 3493; baseline 0 -25"><span class='ocrx_word' id='word_1_239' title='bbox 689 3410 886 3493; x_wconf 89' lang='lat' dir='ltr'><strong>parte</strong></span> <span class='ocrx_word' id='word_1_240' title='bbox 928 3410 1092 3489; x_wconf 87' lang='lat' dir='ltr'><strong>stat,</strong></span> <span class='ocrx_word' id='word_1_241' title='bbox 1155 3411 1236 3470; x_wconf 89' lang='lat' dir='ltr'><strong>ut</strong></span> <span class='ocrx_word' id='word_1_242' title='bbox 1263 3402 1345 3470; x_wconf 85' lang='lat' dir='ltr'><strong>-ei</strong></span> <span class='ocrx_word' id='word_1_243' title='bbox 1383 3425 1470 3470; x_wconf 91' lang='lat' dir='ltr'><strong>ne</strong></span> <span class='ocrx_word' id='word_1_244' title='bbox 1505 3405 1659 3471; x_wconf 86' lang='lat' dir='ltr'><strong>satis</strong></span> <span class='ocrx_word' id='word_1_245' title='bbox 1709 3402 1985 3492; x_wconf 86' lang='lat' dir='ltr'><strong>quidem</strong></span> <span class='ocrx_word' id='word_1_246' title='bbox 2031 3404 2288 3474; x_wconf 83' lang='lat' dir='ltr'><strong>factum</strong></span> <span class='ocrx_word' id='word_1_247' title='bbox 2336 3402 2659 3472; x_wconf 84' lang='lat' dir='ltr'><strong>videatur.</strong></span> <span class='ocrx_word' id='word_1_248' title='bbox 2760 3404 2938 3471; x_wconf 88' lang='lat' dir='ltr'><strong>Nam</strong></span> 
     </span>
     <span class='ocr_line' id='line_1_30' title="bbox 688 3504 3000 3597; baseline 0.001 -22"><span class='ocrx_word' id='word_1_249' title='bbox 688 3526 859 3575; x_wconf 87' lang='lat' dir='ltr'><strong>unns</strong></span> <span class='ocrx_word' id='word_1_250' title='bbox 904 3505 1024 3576; x_wconf 87' lang='lat' dir='ltr'><strong>ille</strong></span> <span class='ocrx_word' id='word_1_251' title='bbox 1041 3554 1062 3592; x_wconf 89' lang='lat'><strong>,</strong></span> <span class='ocrx_word' id='word_1_252' title='bbox 1141 3504 1258 3597; x_wconf 91' lang='lat' dir='ltr'><strong>qui</strong></span> <span class='ocrx_word' id='word_1_253' title='bbox 1300 3504 1482 3578; x_wconf 83' lang='lat' dir='ltr'><strong>hane</strong></span> <span class='ocrx_word' id='word_1_254' title='bbox 1535 3506 1843 3579; x_wconf 77' lang='lat' dir='ltr'><strong>fabulam</strong></span> <span class='ocrx_word' id='word_1_255' title='bbox 1888 3507 1979 3574; x_wconf 91' lang='lat' dir='ltr'><strong>ad</strong></span> <span class='ocrx_word' id='word_1_256' title='bbox 2028 3505 2428 3577; x_wconf 88' lang='lat' dir='ltr'><strong>comoediae</strong></span> <span class='ocrx_word' id='word_1_257' title='bbox 2483 3505 2938 3577; x_wconf 88' lang='lat' dir='ltr'><strong>humilitatem</strong></span> <span class='ocrx_word' id='word_1_258' title='bbox 2968 3525 3000 3542; x_wconf 55' lang='lat'><strong>⁴·</strong></span> 
     </span>
     <span class='ocr_line' id='line_1_31' title="bbox 691 3608 2938 3700; baseline -0.001 -23"><span class='ocrx_word' id='word_1_259' title='bbox 691 3608 1076 3700; x_wconf 87' lang='lat' dir='ltr'><strong>deprimere</strong></span> <span class='ocrx_word' id='word_1_260' title='bbox 1116 3618 1395 3680; x_wconf 90' lang='lat' dir='ltr'><strong>conatus</strong></span> <span class='ocrx_word' id='word_1_261' title='bbox 1432 3619 1610 3696; x_wconf 87' lang='lat' dir='ltr'><strong>erat,</strong></span> <span class='ocrx_word' id='word_1_262' title='bbox 1662 3620 1732 3679; x_wconf 91' lang='lat' dir='ltr'><strong>et</strong></span> <span class='ocrx_word' id='word_1_263' title='bbox 1774 3610 2101 3681; x_wconf 86' lang='lat' dir='ltr'><strong>refutatus</strong></span> <span class='ocrx_word' id='word_1_264' title='bbox 2148 3619 2244 3679; x_wconf 85' lang='lat' dir='ltr'><strong>est</strong></span> <span class='ocrx_word' id='word_1_265' title='bbox 2283 3612 2370 3677; x_wconf 90' lang='lat' dir='ltr'><strong>ab</strong></span> <span class='ocrx_word' id='word_1_266' title='bbox 2415 3609 2557 3678; x_wconf 87' lang='lat' dir='ltr'><strong>aliis</strong></span> <span class='ocrx_word' id='word_1_267' title='bbox 2578 3658 2600 3695; x_wconf 94' lang='lat'><strong>,</strong></span> <span class='ocrx_word' id='word_1_268' title='bbox 2653 3618 2721 3677; x_wconf 92' lang='lat' dir='ltr'><strong>et</strong></span> <span class='ocrx_word' id='word_1_269' title='bbox 2768 3610 2938 3699; x_wconf 81' lang='lat' dir='ltr'><strong>ipse,</strong></span> 
     </span>
     <span class='ocr_line' id='line_1_32' title="bbox 690 3711 2940 3804; baseline 0.001 -24"><span class='ocrx_word' id='word_1_270' title='bbox 690 3720 767 3780; x_wconf 87' lang='lat' dir='ltr'><strong>ut</strong></span> <span class='ocrx_word' id='word_1_271' title='bbox 805 3735 1007 3803; x_wconf 88' lang='lat' dir='ltr'><strong>spero</strong></span> <span class='ocrx_word' id='word_1_272' title='bbox 1022 3761 1044 3801; x_wconf 89' lang='lat'><strong>,</strong></span> <span class='ocrx_word' id='word_1_273' title='bbox 1096 3714 1376 3782; x_wconf 90' lang='lat' dir='ltr'><strong>mutavit</strong></span> <span class='ocrx_word' id='word_1_274' title='bbox 1418 3714 1841 3783; x_wconf 84' lang='lat' dir='ltr'><strong>sententiam:</strong></span> <span class='ocrx_word' id='word_1_275' title='bbox 1896 3737 1980 3783; x_wconf 90' lang='lat' dir='ltr'><strong>ex</strong></span> <span class='ocrx_word' id='word_1_276' title='bbox 2024 3711 2488 3783; x_wconf 86' lang='lat' dir='ltr'><strong>defensoribus</strong></span> <span class='ocrx_word' id='word_1_277' title='bbox 2527 3720 2776 3804; x_wconf 87' lang='lat' dir='ltr'><strong>poetae</strong></span> <span class='ocrx_word' id='word_1_278' title='bbox 2812 3735 2940 3782; x_wconf 91' lang='lat' dir='ltr'><strong>au-</strong></span> 
     </span>
     <span class='ocr_line' id='line_1_33' title="bbox 689 3815 2937 3909; baseline 0.001 -27"><span class='ocrx_word' id='word_1_279' title='bbox 689 3822 834 3882; x_wconf 90' lang='lat' dir='ltr'><strong>tem</strong></span> <span class='ocrx_word' id='word_1_280' title='bbox 880 3817 937 3883; x_wconf 89' lang='lat' dir='ltr'><strong>is</strong></span> <span class='ocrx_word' id='word_1_281' title='bbox 955 3863 976 3900; x_wconf 90' lang='lat'><strong>,</strong></span> <span class='ocrx_word' id='word_1_282' title='bbox 1028 3818 1145 3905; x_wconf 89' lang='lat' dir='ltr'><strong>qui</strong></span> <span class='ocrx_word' id='word_1_283' title='bbox 1191 3840 1359 3909; x_wconf 90' lang='lat' dir='ltr'><strong>prae</strong></span> <span class='ocrx_word' id='word_1_284' title='bbox 1391 3817 1668 3887; x_wconf 86' lang='lat' dir='ltr'><strong>caeteris</strong></span> <span class='ocrx_word' id='word_1_285' title='bbox 1698 3818 1968 3889; x_wconf 88' lang='lat' dir='ltr'><strong>virtutes</strong></span> <span class='ocrx_word' id='word_1_286' title='bbox 2001 3815 2199 3885; x_wconf 88' lang='lat' dir='ltr'><strong>huius</strong></span> <span class='ocrx_word' id='word_1_287' title='bbox 2231 3816 2506 3887; x_wconf 86' lang='lat' dir='ltr'><strong>fabulae</strong></span> <span class='ocrx_word' id='word_1_288' title='bbox 2543 3816 2937 3899; x_wconf 84' lang='lat' dir='ltr'><strong>declaravit,</strong></span> 
     </span>
     <span class='ocr_line' id='line_1_34' title="bbox 693 3918 2937 4013; baseline 0 -29"><span class='ocrx_word' id='word_1_289' title='bbox 693 3918 1001 4007; x_wconf 87' lang='lat' dir='ltr'><strong>quamvis</strong></span> <span class='ocrx_word' id='word_1_290' title='bbox 1044 3920 1306 3989; x_wconf 89' lang='lat' dir='ltr'><strong>erudite</strong></span> <span class='ocrx_word' id='word_1_291' title='bbox 1351 3929 1553 4010; x_wconf 86' lang='lat' dir='ltr'><strong>atque</strong></span> <span class='ocrx_word' id='word_1_292' title='bbox 1595 3922 1950 4013; x_wconf 89' lang='lat' dir='ltr'><strong>eleganter</strong></span> <span class='ocrx_word' id='word_1_293' title='bbox 1988 3943 2069 3987; x_wconf 91' lang='lat' dir='ltr'><strong>ea</strong></span> <span class='ocrx_word' id='word_1_294' title='bbox 2119 3921 2209 3989; x_wconf 91' lang='lat' dir='ltr'><strong>de</strong></span> <span class='ocrx_word' id='word_1_295' title='bbox 2246 3943 2320 3990; x_wconf 89' lang='lat' dir='ltr'><strong>re</strong></span> <span class='ocrx_word' id='word_1_296' title='bbox 2366 3918 2780 4004; x_wconf 86' lang='lat' dir='ltr'><strong>disseruerit,</strong></span> <span class='ocrx_word' id='word_1_297' title='bbox 2829 3927 2937 3986; x_wconf 92' lang='lat' dir='ltr'><strong>ta-</strong></span> 
     </span>
     <span class='ocr_line' id='line_1_35' title="bbox 693 4022 2939 4114; baseline -0.001 -24"><span class='ocrx_word' id='word_1_298' title='bbox 693 4042 851 4090; x_wconf 84' lang='lat' dir='ltr'><strong>men</strong></span> <span class='ocrx_word' id='word_1_299' title='bbox 870 4067 892 4105; x_wconf 85' lang='lat'><strong>,</strong></span> <span class='ocrx_word' id='word_1_300' title='bbox 943 4044 1152 4110; x_wconf 90' lang='lat' dir='ltr'><strong>quum</strong></span> <span class='ocrx_word' id='word_1_301' title='bbox 1183 4022 1273 4091; x_wconf 90' lang='lat' dir='ltr'><strong>ad</strong></span> <span class='ocrx_word' id='word_1_302' title='bbox 1303 4024 1678 4112; x_wconf 87' lang='lat' dir='ltr'><strong>quaedam,</strong></span> <span class='ocrx_word' id='word_1_303' title='bbox 1729 4048 1906 4113; x_wconf 91' lang='lat' dir='ltr'><strong>quae</strong></span> <span class='ocrx_word' id='word_1_304' title='bbox 1936 4023 2154 4114; x_wconf 87' lang='lat' dir='ltr'><strong>magis</strong></span> <span class='ocrx_word' id='word_1_305' title='bbox 2196 4023 2548 4092; x_wconf 85' lang='lat' dir='ltr'><strong>recondita</strong></span> <span class='ocrx_word' id='word_1_306' title='bbox 2579 4032 2749 4106; x_wconf 90' lang='lat' dir='ltr'><strong>sunt,</strong></span> <span class='ocrx_word' id='word_1_307' title='bbox 2799 4043 2939 4089; x_wconf 89' lang='lat' dir='ltr'><strong>non</strong></span> 
     </span>
     <span class='ocr_line' id='line_1_36' title="bbox 695 4123 3039 4219; baseline -0 -25"><span class='ocrx_word' id='word_1_308' title='bbox 695 4123 1093 4219; x_wconf 79' lang='lat' dir='ltr'><strong>attenderit,</strong></span> <span class='ocrx_word' id='word_1_309' title='bbox 1145 4127 1470 4196; x_wconf 86' lang='lat' dir='ltr'><strong>nonnulla</strong></span> <span class='ocrx_word' id='word_1_310' title='bbox 1505 4128 1928 4218; x_wconf 82' lang='lat' dir='ltr'><strong>praeteriisse</strong></span> <span class='ocrx_word' id='word_1_311' title='bbox 1961 4126 2262 4211; x_wconf 84' lang='lat' dir='ltr'><strong>videtur,</strong></span> <span class='ocrx_word' id='word_1_312' title='bbox 2311 4149 2487 4214; x_wconf 88' lang='lat' dir='ltr'><strong>quae</strong></span> <span class='ocrx_word' id='word_1_313' title='bbox 2530 4125 2623 4195; x_wconf 90' lang='lat' dir='ltr'><strong>ad</strong></span> <span class='ocrx_word' id='word_1_314' title='bbox 2664 4124 2940 4207; x_wconf 79' lang='lat' dir='ltr'><strong>laudem</strong></span> <span class='ocrx_word' id='word_1_315' title='bbox 3015 4125 3039 4135; x_wconf 76' lang='grc'><em>“</em></span> 
     </span>
     <span class='ocr_line' id='line_1_37' title="bbox 639 4227 2940 4321; baseline -0.001 -26"><span class='ocrx_word' id='word_1_316' title='bbox 639 4266 650 4279; x_wconf 74' lang='lat'><em>,</em></span> <span class='ocrx_word' id='word_1_317' title='bbox 692 4236 945 4318; x_wconf 84' lang='lat' dir='ltr'><strong>poetae</strong></span> <span class='ocrx_word' id='word_1_318' title='bbox 1000 4236 1203 4316; x_wconf 90' lang='lat' dir='ltr'><strong>atque</strong></span> <span class='ocrx_word' id='word_1_319' title='bbox 1260 4229 1770 4302; x_wconf 89' lang='lat' dir='ltr'><strong>admirationem</strong></span> <span class='ocrx_word' id='word_1_320' title='bbox 1825 4254 1963 4299; x_wconf 94' lang='lat' dir='ltr'><strong>non</strong></span> <span class='ocrx_word' id='word_1_321' title='bbox 2005 4232 2153 4321; x_wconf 82' lang='lat' dir='ltr'><strong>leve</strong></span> <span class='ocrx_word' id='word_1_322' title='bbox 2201 4239 2618 4298; x_wconf 88' lang='lat' dir='ltr'><strong>momentum</strong></span> <span class='ocrx_word' id='word_1_323' title='bbox 2661 4227 2940 4295; x_wconf 87' lang='lat' dir='ltr'><strong>habent.</strong></span> 
     </span>
     <span class='ocr_line' id='line_1_38' title="bbox 694 4324 2942 4421; baseline 0 -24"><span class='ocrx_word' id='word_1_324' title='bbox 694 4330 938 4421; x_wconf 90' lang='lat' dir='ltr'><strong>Itaque</strong></span> <span class='ocrx_word' id='word_1_325' title='bbox 998 4353 1136 4398; x_wconf 91' lang='lat' dir='ltr'><strong>non</strong></span> <span class='ocrx_word' id='word_1_326' title='bbox 1195 4331 1636 4402; x_wconf 88' lang='lat' dir='ltr'><strong>iniucundum</strong></span> <span class='ocrx_word' id='word_1_327' title='bbox 1694 4324 2084 4402; x_wconf 89' lang='lat' dir='ltr'><strong>hominibus</strong></span> <span class='ocrx_word' id='word_1_328' title='bbox 2139 4334 2438 4401; x_wconf 87' lang='lat' dir='ltr'><strong>litteratis</strong></span> <span class='ocrx_word' id='word_1_329' title='bbox 2485 4333 2637 4399; x_wconf 85' lang='lat' dir='ltr'><strong>fore</strong></span> <span class='ocrx_word' id='word_1_330' title='bbox 2686 4329 2942 4421; x_wconf 85' lang='lat' dir='ltr'><strong>putavi,</strong></span> 
     </span>
     <span class='ocr_line' id='line_1_39' title="bbox 699 4433 2946 4529; baseline -0.001 -25"><span class='ocrx_word' id='word_1_331' title='bbox 699 4433 754 4504; x_wconf 76' lang='lat' dir='ltr'><strong>si</strong></span> <span class='ocrx_word' id='word_1_332' title='bbox 768 4482 790 4522; x_wconf 91' lang='lat'><strong>,</strong></span> <span class='ocrx_word' id='word_1_333' title='bbox 839 4433 977 4507; x_wconf 85' lang='lat' dir='ltr'><strong>hac</strong></span> <span class='ocrx_word' id='word_1_334' title='bbox 1024 4434 1261 4508; x_wconf 84' lang='lat' dir='ltr'><strong>oblata</strong></span> <span class='ocrx_word' id='word_1_335' title='bbox 1301 4435 1636 4507; x_wconf 85' lang='lat' dir='ltr'><strong>scribendi</strong></span> <span class='ocrx_word' id='word_1_336' title='bbox 1669 4436 2174 4529; x_wconf 86' lang='lat' dir='ltr'><strong>opportunitate</strong></span> <span class='ocrx_word' id='word_1_337' title='bbox 2188 4484 2210 4524; x_wconf 89' lang='lat'><strong>,</strong></span> <span class='ocrx_word' id='word_1_338' title='bbox 2260 4435 2719 4527; x_wconf 87' lang='lat' dir='ltr'><strong>quaestionem</strong></span> <span class='ocrx_word' id='word_1_339' title='bbox 2755 4434 2946 4505; x_wconf 88' lang='lat' dir='ltr'><strong>illam</strong></span> 
     </span>
    </p>
   </div>
   <div class='ocr_carea' id='block_1_3' title="bbox 3293 263 3296 817">
    <p class='ocr_par' dir='ltr' id='par_1_3' title="bbox 3293 263 3296 817">
     <span class='ocr_line' id='line_1_40' title="bbox 3293 263 3296 817; baseline 0 0"><span class='ocrx_word' id='word_1_340' title='bbox 3293 263 3296 817; x_wconf 95' lang='lat' dir='ltr'><strong> </strong></span> 
     </span>
    </p>
   </div>
  </div>
 </body>
</html>
