3325 5317
1176 510 1879 576 υιεεΕιιΤΑΤιο.
2410 597 2413 602 ‚
2492 513 2621 580 m

386 681 483 752 sic
508 684 732 774 potius
775 683 1146 777 scripsisse·
1195 684 1410 774 idem,
1460 684 1505 764 ἰ.
1537 707 1595 755 e
1623 684 1965 765 similiter.
2017 685 2214 773 Quae
2245 709 2382 757 nou
2411 708 2621 809 voca-

384 785 528 855 buli
545 836 567 875 ,
616 788 737 856 sed
779 789 1141 857 sententiae
1177 787 1537 882 explicatio
1582 787 1726 856 erit.

586 940 804 1011 Versu
836 938 958 1010 17.
1012 942 1106 1010 ita
1144 921 1531 1035 legebatur.
1590 991 1600 1002 -

638 1093 871 1165 habeo
908 1095 1063 1164 alia
1086 1096 1316 1164 multa
1331 1143 1353 1182 ,
1414 1116 1601 1187 quae
1641 1115 1828 1166 nune
1864 1093 2413 1166 condonabitur.-

636 1220 822 1291 quae
847 1196 1314 1291 prqferentur
1344 1206 1557 1290 post,
1618 1199 1683 1267 si
1717 1206 1992 1295 perget
2037 1197 2350 1270 laedere.
2388 1201 2393 1205 ’

381 1397 430 1437 „
442 1347 751 1443 Egregie
763 1356 830 1436 ,“
880 1350 1125 1440 inquit,
1177 1399 1222 1439 ‚‚
1240 1335 1461 1422 codex
1502 1350 1583 1422 C.
1610 1351 1692 1422 C.
1730 1375 1916 1422 nunc
1952 1372 2137 1446 quae
2184 1349 2616 1422 condonabi-

385 1500 432 1538 „
448 1460 602 1539 tur,
654 1454 749 1523 sic
784 1456 961 1523 enim
992 1463 1060 1523 et
1090 1476 1275 1523 nunc
1307 1462 1376 1523 et
1400 1462 1606 1550 post,
1658 1478 1834 1545 quae
1866 1465 2323 1549 opponuntur,
2372 1456 2444 1523 in
2475 1455 2620 1525 ictu

386 1558 652 1641 „ambo
702 1567 889 1643 sunt,
955 1568 1023 1628 et
1060 1579 1247 1650 quae
1287 1580 1426 1625 nou
1464 1556 1743 1627 inchoat
1785 1568 2145 1648 utrumque
2185 1558 2422 1645 colon,
2485 1580 2615 1649 pa-

381 1682 595 1745 „rum
633 1669 923 1728 venuste.
940 1667 985 1705 ‘⁶
1086 1660 1361 1730 Codicis
1395 1661 1575 1729 illius
1621 1662 2018 1754 scripturam
2046 1662 2118 1730 in
2151 1670 2336 1730 textu
2367 1662 2616 1753 posuit.

383 1761 481 1830 At
529 1786 609 1832 ea
650 1785 789 1832 non
832 1763 1151 1856 egregia,
1221 1764 1339 1832 sed
1372 1765 1661 1856 pessima
1702 1775 1817 1834 est.
1918 1764 2102 1833 Illud
2147 1765 2425 1854 quidem
2466 1763 2618 1833 leve

388 1874 490 1934 est
530 1874 598 1935 et
639 1890 777 1936 non
823 1866 1108 1959 dignum
1151 1878 1623 1959 argumentum
1663 1868 1855 1958 quod
1906 1870 2053 1958 quis
2095 1868 2377 1954 refutet,
2427 1865 2620 1956 quod

384 1968 477 2036 ait
520 1992 765 2061 parum
808 1980 1084 2039 venuste
1127 1981 1484 2060 utrumque
1525 1972 1733 2060 colon
1769 1996 1812 2039 a
1853 1972 2191 2040 vocabulo
2233 1993 2420 2062 quae
2448 1969 2637 2041 inci-'

380 2094 587 2163 pere:
636 2070 813 2161 quae
853 2095 961 2141 res
992 2082 1179 2141 tanto
1220 2075 1437 2141 minus
1484 2073 1870 2143 offensionis
1908 2073 2152 2164 habet,
2216 2071 2410 2162 quod
2448 2074 2620 2141 alte-

383 2197 537 2242 rum
570 2197 757 2267 quae
785 2175 856 2243 iu
887 2175 1053 2287 arsi,
1105 2175 1390 2243 alterum
1432 2177 1501 2243 in
1543 2175 1722 2245 thesi
1768 2186 1884 2244 est.
1985 2177 2146 2249 Hoc
2168 2199 2376 2262 vero,
2427 2173 2621 2264 quod

383 2277 478 2346 'de
522 2279 972 2372 oppositione
993 2278 1357 2347 verborum
1393 2301 1579 2349 nunc
1624 2288 1691 2348 et
1724 2286 1893 2372 post
1933 2278 2132 2366 dicit,
2182 2288 2322 2348 tam
2353 2287 2454 2346 est
2483 2278 2620 2345 fal-

382 2404 530 2450 sum
548 2431 570 2469 ,
622 2406 829 2472 quam
861 2382 1051 2473 quod
1100 2365 1539 2451 falsissimum.
1641 2384 1750 2451 Re
1776 2405 1935 2451 sane
1973 2383 2095 2451 illa
2136 2381 2451 2474 opposita
2493 2380 2622 2449 sibi

384 2494 571 2555 sunt:
621 2495 690 2554 at
719 2486 1276 2578 pronunciatione
1323 2496 1391 2555 et
1423 2487 1648 2554 forma
1684 2485 1998 2555 orationis
2025 2508 2163 2554 non
2198 2495 2350 2554 sunt
2388 2505 2620 2574 oppo-

385 2588 529 2657 sita.
646 2590 925 2675 Essent,
1004 2590 1059 2658 si
1092 2590 1198 2660 sic
1244 2588 1545 2675 dixisset,
1611 2611 1798 2658 nunc
1840 2611 2027 2681 quae
2084 2585 2617 2672 condonabitur,

384 2690 519 2761 sed
556 2690 1023 2785 prqferentur
1058 2700 1246 2787 post.
1345 2693 1442 2762 Et
1483 2701 1630 2761 tum
1684 2688 1965 2760 omnino'
2006 2693 2104 2761 sic
2143 2693 2350 2761 verba
2391 2690 2619 2763 collo-

388 2796 610 2866 canda
645 2796 941 2872 fuissent.
1008 2797 1103 2865 At
1145 2818 1290 2885 non¹
1330 2804 1433 2864 est
1472 2796 1570 2864 ita
1597 2796 1915 2885 loquutus
1936 2844 1959 2882 ‚
2009 2794 2128 2863 sed
2152 2796 2371 2864 multo
2403 2816 2620 2864 venu-

385 2900 577 2984 stius,
645 2900 862 2969 multo
911 2896 1408 2969 convenientius
1460 2899 1775 2969 familiari
1823 2898 2113 2968 sermoni
2156 2899 2357 2987 dixit,
2434 2917 2621 2990 quae

384 3023 572 3071 nnnc
615 3000 1163 3089 condonabitur3
1205 2991 1420 3070 'nullo
1458 3002 1599 3073 ictu
1644 3002 1935 3073 excitans
1969 3024 2215 3073 vocem
2252 3022 2469 3089 nunc,
2549 3006 2620 3069 et

384 3106 621 3174 finiens
657 3105 765 3174 his
807 3095 1026 3175 verbis
1076 3104 1465 3174 orationem.
1568 3107 1736 3174 Post
1783 3105 2060 3175 demum
2107 3108 2172 3175 ei
2213 3105 2284 3172 in
2324 3111 2619 3175 mentem

384 3209 567 3280 venit
630 3209 832 3278 etiam
887 3208 1146 3298 aliquid
1205 3209 1738 3280 comminationis
1778 3208 2103 3279 adiicere:
2178 3208 2362 3278 unde
2414 3206 2616 3278 dicit:

387 3334 573 3406 quae
621 3312 1085 3407 proferentur
1138 3318 1327 3404 post.
1429 3312 1592 3405 Hoc
1625 3320 1796 3405 post
1834 3334 1997 3382 vero
2040 3313 2313 3381 omnino
2361 3312 2432 3379 in
2478 3310 2619 3379 ictu

382 3416 552 3508 poni
582 3416 878 3485 debebat
894 3464 915 3502 ,
967 3416 1126 3506 quia
1166 3409 1537 3507 opponitur
1577 3416 1675 3484 illi
1714 3438 1900 3484 nunc
1926 3415 2117 3505 quod
2167 3424 2322 3484 ante
2360 3413 2618 3482 dictum

381 3520 638 3588 fuerat:
687 3517 809 3586 sed
852 3541 1037 3589 nunc
1084 3542 1294 3608 quum
1315 3519 1643 3604 dicebat,
1694 3519 1997 3588 nondum
2037 3520 2110 3586 in
2141 3518 2363 3585 animo
2398 3514 2619 3582 habe-

384 3624 506 3700 bat
556 3612 628 3689 ei'
674 3621 954 3711 aliquod
990 3630 1161 3715 post
1199 3643 1584 3712 opponere:
1615 3681 1622 3690 ,
1670 3644 1882 3710 quare
1926 3643 2065 3689 non
2121 3625 2390 3711 poterat
2433 3616 2626 3685 nunc'
2712 3681 2727 3693 ,
2788 3677 2794 3688 ,

381 3724 559 3794 illud
600 3724 742 3796 ictu
798 3723 993 3815 erigi.
1095 3724 1298 3793 Falsa
1341 3746 1513 3815 ergo
1565 3724 1896 3816 scriptura
1952 3733 2052 3792 est
2100 3715 2356 3795 codicis
2410 3719 2615 3805 illius,

384 3839 454 3898 et
480 3838 766 3921 argutae
800 3829 1029 3919 potius
1075 3826 1350 3897 exilitati
1381 3826 1670 3896 rhetoris
1710 3826 1990 3896 alicuius
2005 3878 2028 3918 ‚
2076 3848 2278 3917 quam
2305 3846 2520 3919 purae
2549 3829 2618 3892 et

377 3932 669 4024 simplici
714 3932 1090 4026 elegantiae
1120 3930 1424 4000 Terentii
1468 3929 1885 4003 conveniens-

405 4109 412 4114 „
475 4117 484 4122 -
583 4085 805 4155 versu
845 4080 968 4152 25.
1017 4084 1089 4156 ιιι
1134 4082 1324 4153 libris
1368 4092 1502 4155 esu
2516 4060 2524 4066 ’
2617 4088 2706 4152 ιτ

643 4237 980 4314 Colacem
1017 4259 1169 4308 esse
1203 4231 1443 4309 Naevi
1470 4243 1541 4308 et
1578 4234 1832 4314 Humi
1855 4240 2164 4315 veterem
2186 4230 2556 4334 fabulam.

382 4441 427 4480 „
446 4392 667 4463 Colax
691 4392 918 4462 Plauti
934 4392 1003 4478 ,⁶⁶
1051 4390 1376 4482 inquit,
1351 4439 1395 4478 „
1412 4415 1468 4460 a
1481 4388 1707 4460 Nonio
1738 4388 2078 4461 Marcello
2099 4388 2379 4467 citatur3
2425 4386 2612 4454 Nae-

385 4499 526 4585 „vii
549 4497 768 4570 Colax
801 4519 1132 4591 nusquam
1152 4503 1598 4570 memoratur:
1665 4517 1856 4566 nam
1880 4514 2058 4587 quae
2092 4490 2453 4586 superiore
2446 4508 2611 4558 sae-
