3325 5317
846 409 1344 535 ἰἰιιῑεΑνιιιΧ
1386 465 2063 536 summum.
2156 569 2161 574 ⁸
2453 477 2582 542 221

552 642 946 715 Secundum
994 643 1137 715 hoc
1188 645 1363 714 illud
1407 669 1682 736 quoque
1736 647 2084 738 praeclare
2139 646 2398 715 factum
2459 655 2580 735 est,

338 750 533 840 quod
574 750 785 817 verba
821 770 959 817 non
1000 757 1150 816 sunt
1179 749 1460 842 singula
1486 751 1575 818 ad
1600 750 1972 818 litterarum
1995 748 2306 819 ordinem
2346 750 2582 842 dispo-

340 856 507 942 sita,
573 852 693 921 sed
730 874 860 942 pro
894 874 1012 920 sua
1045 875 1354 941 quaeque
1398 853 1659 946 origine
1699 853 1790 921 ad
1831 854 2058 945 capita
2097 852 2438 943 quaedam
2467 877 2585 923 re-

340 959 480 1025 lata
498 1004 520 1041 ‚
569 979 709 1045 quo
745 964 812 1024 et
853 955 1298 1024 derivationes
1324 956 1527 1026 facile
1565 956 2054 1047 perspiciantur
2068 1004 2089 1041 ‚
2141 965 2210 1024 et
2238 957 2585 1048 significa-
2614 995 2615 1002 ι

340 1061 607 1129 tionum
651 1058 1090 1152 cognationes
1135 1081 1218 1130 ac
1256 1059 1665 1129 diversitates
1692 1060 1911 1128 statim
1943 1082 2080 1127 uno
2119 1060 2362 1129 obtutu
2387 1083 2584 1131 com-

340 1163 683 1257 prehendi
725 1171 992 1251 queant.
1098 1161 1531 1252 Quamquam
1576 1162 1714 1233 hac
1758 1162 2035 1252 quidem
2082 1163 2150 1230 in
2194 1173 2390 1253 parte
2434 1164 2584 1232 fieri

343 1289 498 1337 non·
523 1267 782 1358 potuit,
833 1274 909 1333 ut
947 1265 1066 1332 ille
1095 1287 1325 1334 omnes
1361 1289 1675 1335 numeros
1703 1267 2037 1356 impleret.
2139 1266 2315 1334 Nam
2348 1276 2416 1335 et
2452 1289 2583 1358 per

342 1396 415 1440 se
456 1369 659 1440 valde
702 1370 1024 1459 ambigua
1066 1377 1165 1436 est
1203 1368 1379 1440 haec
1413 1369 1504 1438 de
1548 1369 1916 1461 originibus
1959 1369 2297 1458 quaestio,
2351 1377 2419 1438 et
2463 1371 2584 1438 ubi

346 1474 558 1546 semel
584 1473 766 1542 hanc
800 1472 975 1540 viam
1005 1472 1337 1586 ingressus
1367 1473 1483 1557 sis,
1535 1474 1819 1541 modum
1850 1483 2079 1543 tenere
2103 1471 2578 1544 difficillimum

342 1586 466 1646 est.
598 1576 1081 1644 Verumtamen
1136 1575 1255 1645 hic
1320 1597 1597 1665 quoque
1655 1576 2206 1667 sapientis-simum
2265 1576 2583 1644 admirari
2708 1573 2713 1582 ’

339 1682 499 1750 licet
542 1678 878 1770 Stephani
907 1677 1229 1749 iudicium
1245 1726 1267 1763 ‚
1318 1680 1439 1768 qui
1481 1681 1884 1770 plerumque
1923 1702 2062 1748 non
2109 1679 2416 1749 obsoleta
2465 1688 2582 1748 aut

340 1785 501 1854 ficta
548 1785 758 1851 verba
799 1803 930 1872 pro
969 1780 1306 1850 radicibus
1350 1784 1694 1873 posuerit,
1755 1783 1879 1852 sed
1918 1806 2037 1868 ea,
2122 1804 2299 1872 quae
2339 1782 2581 1851 usitata

340 1895 518 1970 sunt,
571 1895 642 1955 et
672 1910 714 1954 a
747 1886 988 1975 quibus
1034 1884 1202 1973 quid
1243 1884 1620 1972 derivatum
1664 1896 1868 1972 esset,
1919 1886 2124 1956 facile
2163 1886 2373 1975 quivis
2388 1939 2409 1975 ‚
2462 1887 2582 1976 qui

340 1991 560 2060 lexico
608 1989 733 2082 illo
778 1997 1107 2072 uteretur,
1160 1998 1392 2078 posset
1431 1989 1836 2081 intelligere.
1936 1989 2235 2058 Videbat
2283 1990 2460 2058 enim
2509 1991 2581 2058 in

337 2094 558 2162 lexico
618 2090 976 2163 scribendo
1021 2091 1317 2161 mediam
1377 2093 1747 2181 quamdam
1790 2092 1970 2160 viam
2022 2092 2387 2161 tenendam
2435 2116 2581 2162 esse

337 2198 515 2265 inter
548 2218 776 2265 veram
790 2243 812 2280 ‚
878 2193 1004 2263 sed
1048 2195 1268 2286 magis
1331 2195 1752 2265 reconditam
1804 2196 2169 2264 verborum
2222 2196 2581 2286 cognatio-

336 2323 535 2385 nem,
605 2309 674 2368 et
714 2320 905 2382 eam,
972 2320 1149 2386 quae
1198 2299 1504 2366 omnibus
1553 2308 1793 2390 aperta
1840 2307 2028 2367 esset.
2133 2298 2360 2388 Quam
2404 2299 2579 2367 viam

338 2405 457 2493 qui
503 2401 798 2473 deseruit
838 2400 1196 2469 Dammius
1242 2402 1315 2470 in
1375 2402 1595 2470 lexico
1647 2402 2023 2472 Homerico
2072 2410 2141 2469 et
2184 2401 2625 2487 Pindarico‚4

337 2505 506 2597 quid
545 2505 732 2576 aliud
780 2527 983 2594 quam
1027 2512 1395 2572 monstrum
1419 2504 1774 2594 quoddam
1804 2505 2002 2575 lexici
2039 2504 2109 2571 in
2150 2504 2378 2574 lucem
2410 2506 2581 2574 emi-
2702 2535 2708 2562 ι

341 2611 424 2679 sit
438 2609 474 2677 ?
552 2609 697 2680 Sed
743 2628 882 2698 quo
943 2607 1285 2676 difficilius
1336 2617 1468 2694 est,
1543 2610 1789 2677 iustam
1834 2607 2163 2677 rationem
2220 2608 2445 2697 sequi,
2512 2617 2582 2678 et

337 2719 646 2782 neutram
674 2712 743 2779 in
773 2720 1039 2804 partem
1066 2733 1359 2802 peccare
1373 2758 1396 2796 ‚
1443 2734 1527 2780 eo
1561 2712 1823 2780 facilius
1858 2711 2388 2783 condonabimus
2419 2710 2579 2781 Ste-

337 2816 577 2908 phano
591 2864 614 2903 ,
678 2815 734 2883 si
779 2837 918 2884 non
960 2817 1117 2883 satis
1159 2823 1574 2886 constantem
1621 2816 1694 2883 in
1738 2816 1876 2887 hac
1922 2840 1999 2885 re
2039 2814 2581 2906 deprehenderi-

237 2989 244 2998 ,
336 2943 505 2991 mus.
607 2919 725 2988 Sic
741 2965 762 3003 ‚
814 2926 890 2987 ut
923 2942 1131 2987 unum
1175 2918 1412 2987 saltem
1460 2919 1852 3010 exemplum
1891 2919 2178 2987 afferam
2192 2966 2214 3004 ‚
2268 2918 2580 2987 disiunxit

334 3024 455 3092 ille
492 3022 660 3092 locis
711 3023 920 3090 verba
956 3024 1238 3114 τέγγων
1269 3031 1339 3089 et
1374 3016 1660 3119 τήκειν,
1715 3046 1891 3112 quae
1926 3033 2078 3093 sunt
2111 3045 2321 3138 unum
2349 3022 2574 3093 idem-

335 3150 471 3220 que
494 3127 782 3198 verbum
816 3124 1078 3218 duplici
1123 3123 1347 3193 forma
1375 3136 1788 3218 usurpatum.

541 3330 1089 3401 Commemoravi
1143 3331 1323 3401 haec
1362 3354 1447 3401 eo
1491 3332 1630 3401 fine
1645 3385 1668 3419 ‚
1732 3340 1808 3401 ut
1849 3331 2159 3401 indicatis
2195 3332 2581 3423 praecipuis

334 3433 686 3505 virtutibus
726 3434 1068 3505 Thesauri
1102 3434 1551 3526 Stephaniani
1595 3436 1964 3506 distinctius
2008 3436 2100 3505 de
2147 3434 2577 3526 locupletan-

336 3539 433 3607 do
478 3546 550 3606 et
594 3536 1003 3631 corrigendo
1053 3559 1137 3606 eo
1184 3537 1406 3609 lexico
1448 3541 1684 3629 quaeri
1720 3548 1968 3630 posset.
2071 3540 2180 3609 Ac
2228 3560 2367 3606 non
2406 3536 2578 3605 nihil

336 3642 560 3710 mirati
598 3664 857 3725 summ,
910 3640 1078 3731 quid
1125 3640 1365 3728 fuerit,
1416 3641 1606 3731 quod
1650 3643 1966 3711 Editores
1985 3691 2005 3726 ‚
2057 3662 2269 3729 quum
2312 3642 2384 3708 in
2426 3640 2578 3730 epi-

338 3745 516 3813 stola
563 3744 653 3814 ad
710 3745 1073 3830 lectorem,
1148 3767 1355 3833 quam
1414 3744 1683 3815 interim
1728 3743 2160 3836 praefationis
2213 3742 2375 3813 loco
2434 3765 2578 3812 esse

335 3849 726 3934 voluerunt,
792 3848 881 3917 de
924 3846 1151 3916 multis
1208 3849 1354 3919 aliis
1413 3850 1615 3917 rebus
1664 3849 1967 3917 dicerent
1984 3893 2004 3929 ,
2073 3846 2164 3915 de
2213 3869 2295 3915 ea
2309 3893 2330 3931 ‚
2401 3866 2579 3936 quae

333 3951 657 4043 primaria
697 3959 875 4037 erat,
920 3950 1093 4019 nihil
1132 3950 1340 4042 plane
1387 3951 1674 4020 dixerint
1691 4000 1714 4038 ‚
1776 3950 1900 4019 nisi
1939 3948 2115 4037 hoc,
2166 3950 2460 4020 noluisse
2505 3975 2578 4020 se

334 4056 407 4124 in
443 4055 597 4145 ipso
647 4053 982 4146 Stephani
1039 4053 1219 4122 libro
1285 4054 1658 4144 quidquam
1717 4062 1998 4124 mutare.
2112 4054 2356 4143 Neque
2415 4054 2583 4124 alibi

334 4157 712 4248 quidquam
752 4157 845 4226 de
888 4181 971 4226 ea
1011 4157 1271 4226 ratione
1284 4206 1307 4244 ‚
1380 4180 1519 4247 qua
1564 4158 1811 4228 edituri
1861 4165 2076 4226 essent
2128 4152 2317 4227 hunc
2375 4157 2577 4227 The-
2610 4173 2622 4192 ⁸

335 4283 646 4348 sauram,
698 4261 787 4330 ab
840 4261 920 4331 iis
964 4261 1284 4354 scriptum
1338 4263 1727 4353 accepimus
1744 4310 1766 4347 ‚
1813 4260 1939 4331 nisi
1985 4260 2178 4350 quod
2223 4286 2267 4330 a
2307 4261 2464 4330 viris
2508 4268 2575 4329 et

333 4364 507 4434 inter
526 4366 899 4458 populares
929 4386 1083 4434 suos
1116 4372 1185 4432 et
1225 4364 1412 4457 apud
1439 4374 1702 4435 exteros
1733 4366 2107 4436 litterarum
2153 4364 2572 4433 Graecarum

332 4469 606 4540 scientia
654 4468 851 4540 claris
868 4515 891 4554 ,
957 4476 1035 4537 ut
1059 4470 1659 4542 *communicarent
1699 4492 1932 4542 secum
1946 4516 1969 4555 ,
2037 4470 2094 4539 si
2140 4467 2308 4559 quid
2351 4466 2574 4537 habe-
