3325 5317
1282 499 1783 564 PERSIS.
2562 504 2652 568 95

415 695 575 743 nere
603 691 917 741 versuum
935 719 957 756 ,
1010 671 1270 740 salutat.
1374 671 1504 742 Cui
1550 695 1762 764 quum
1808 671 2081 764 regina,
2147 693 2410 741 servans
2456 672 2653 742 illam

414 778 835 847 maiestatem
850 824 871 862 ‚
932 775 1173 845 iisdem
1214 777 1505 845 numeris
1550 776 2034 869 respondisset,
2102 776 2239 844 iam
2290 777 2379 844 ad
2419 778 2653 845 trime-
2745 766 2750 771 ⁶

414 890 588 966 troS,
667 902 958 969 quorum
1016 880 1404 970 simplicitas
1461 881 1917 949 narrationem·
1957 879 2158 951 decet
2176 928 2198 965 ,
2284 879 2653 965 descendit,

375 984 881 1072 ‚somniumque
921 984 1226 1075 exponit,
1275 983 1466 1073 quod
1514 1007 1597 1051 ea
1627 993 1775 1052 arte
1819 1006 1861 1049 a
1901 992 2112 1074 poeta
2152 983 2493 1052 inventum
2535 992 2656 1069 est,

416 1097 493 1158 ut
533 1110 672 1155 non
701 1095 965 1155 tantum
995 1087 1299 1180 singulae
1327 1096 1556 1178 partes
1587 1086 2021 1181 splendeant,
2074 1087 2194 1155 sed
2239 1088 2412 1156 illud
2449 1110 2659 1179 prae—

419 1193 680 1261 clarum
716 1191 798 1258 sit
826 1198 893 1257 et
936 1190 1365 1276 admirabile,
1426 1190 1615 1282 quod
1648 1212 2008 1260 somnuma
2035 1189 2158 1258 illa
2191 1190 2480 1258 duarum
2502 1213 2659 1259 mu-

418 1296 663 1363 lierum
704 1293 965 1384 species
1013 1316 1149 1362 non
1192 1293 1479 1382 ducum,
1529 1318 1668 1364 non
1717 1294 2125 1364 exercituum
2144 1343 2165 1378 ‚
2214 1295 2336 1363 sed
2371 1293 2660 1364 duarum

419 1408 753 1466 vastarum
791 1398 1266 1467 continentium
1282 1446 1303 1484 ,
1355 1422 1530 1488 quae
1577 1399 1668 1467 de
1703 1398 1993 1492 imperio
2037 1398 2211 1466 inter
2253 1421 2326 1466 se
2378 1406 2659 1481 certent,

425 1501 793 1593 imaginem
825 1501 1055 1569 animis
1094 1501 1433 1575 admovet.
1537 1503 1643 1570 Ita
1682 1511 1885 1573 ‘aucta
1906 1503 2013 1593 ‚rei
2040 1500 2503 1594 magnitudine
2535 1523 2662 1569 au-

425 1614 627 1700 getur
674 1611 928 1672 metus:
979 1604 1090 1675 cui
1131 1627 1386 1674 novum
1429 1616 1497 1675 et
1536 1596 1863 1698 magnum
1907 1605 2394 1676 incrementum
2443 1627 2526 1672 ex
2574 1626 2661 1672 eo

429 1704 695 1779 accedit
709 1756 731 1793 ,
781 1707 969 1796 quod
996 1708 1274 1800 placare
1308 1709 1475 1777 deos
1497 1710 1763 1779 'volenti
1790 1712 1881 1779 ob
1906 1708 2084 1777 illud
2113 1709 2445 1777 somnium
2473 1708 2664 1800 regi-

423 1835 552 1881 nae
572 1887 578 1893 ,
600 1820 931 1879 ostentum
990 1811 1271 1880 offertur
1284 1861 1305 1898 ,
1384 1836 1647 1882 caussas
1695 1813 2037 1883 metuendi
2094 1814 2300 1881 etiam
2357 1811 2667 1880 divinitus

426 1915 813 1987 confirmari
839 1968 843 1981 .
872 1915 1278 2006 significans.
1399 1916 1776 1985 Conserunt
1826 1916 2077 1984 deinde
2124 1915 2366 1984 iterum
2416 1914 2666 1985 chorus

427 2027 500 2088 et
542 2021 783 2088 Atossa
835 2019 1256 2107 colloquium
1272 2067 1292 2103 ,
1355 2020 1695 2089 trochaeis
1738 2029 1993 2089 utentes
2009 2068 2030 2105 ,
2083 2021 2201 2108 qui
2245 2030 2314 2088 et
2351 2020 2666 2087 maiesta-

287 2112 294 2121 ’
422 2131 570 2190 tem
599 2121 913 2213 reginae,
966 2130 1034 2190 et
1072 2124 1571 2192 venerationem
1599 2124 1797 2194 chori
1820 2124 2128 2193 deceant.
2229 2122 2310 2190 In
2338 2122 2480 2193 hoc
2504 2142 2668 2191 vero

428 2225 779 2313 colloquio
853 2224 1169 2293 eximium
1238 2227 1532 2297 cernitur
1593 2236 1847 2320 poetae
1904 2226 2245 2297 iudicium.
2347 2227 2528 2294 Nam
2600 2235 2670 2294 et

425 2329 872 2398 necessarium
921 2338 1062 2396 erat
1078 2378 1098 2414 ‚
1164 2329 1337 2398 inter
1376 2331 1567 2398 illam
1619 2331 1859 2400 somnii
1907 2331 2361 2399 narrationem
2417 2339 2488 2398 et
2540 2327 2670 2396 ad-

429 2441 703 2501 ventum
743 2431 968 2501 nuncii
995 2432 1250 2521 aliquid
1277 2433 1614 2526 interponi
1628 2485 1648 2520 ,
1701 2456 1842 2523 quo
1884 2457 1972 2502 ne
2015 2434 2208 2502 nimis
2250 2456 2334 2501 ex
2370 2433 2663 2522 abrupto

432 2536 654 2603 statim
709 2533 940 2602 clades
1000 2535 1460 2622 nunciaretur,
1536 2547 1606 2606 et
1643 2537 1817 2605 illud
1871 2539 2096 2628 ipsum
2113 2586 2134 2621 ,
2215 2536 2307 2604 de
2359 2558 2500 2624 quo
2554 2535 2756 2604 istiu

432 2639 603 2706 inter
651 2661 723 2705 se
774 2638 1254 2733 colloquuntur
1269 2688 1290 2726 ,
1342 2640 1630 2710 multum
1673 2640 1763 2708 ad
1802 2663 1950 2708 rem
1990 2640 2186 2725 facit,
2218 2639 2399 2729 'quia
2437 2637 2669 2710 clades

435 2741 554 2809 illa
601 2764 847 2833 parum
901 2741 1041 2810 visa
1093 2752 1263 2812 esset
1317 2744 1721 2831 verisimiIiS,
1803 2739 1928 2813 nisi
1987 2745 2190 2812 etiam
2242 2742 2668 2812 Athenarum

430 2845 731 2936 potentia
769 2847 1257 2936 spectatoribus
1301 2847 1372 2914 in
1411 2858 1704 2919 mentem
1747 2856 2065 2917 revocata
2104 2856 2292 2917 esset.
2396 2847 2505 2916 De
2532 2869 2669 2936 qua

431 2971 510 3017 re
554 2949 837 3018 scienter
886 2951 1146 3019 monuit
1170 2951 1536 3020 Iacobsius.
1635 2952 1821 3020 Illud
1869 2973 2032 3020 vero
2071 2974 2158 3021 ne
2205 2950 2670 3041 quaerendum

430 3052 708 3143 quidem
747 3059 917 3143 puto
935 3101 956 3139 ,
1009 3075 1133 3123 cur
1173 3056 1414 3122 Atossa
1443 3055 1533 3124 de
1557 3057 1761 3124 rebus
1797 3056 2190 3148 interroget,
2241 3077 2408 3144 quas
2440 3055 2501 3143 ei
2539 3074 2670 3123 no-

431 3164 531 3223 tas
562 3179 705 3227 esse
735 3165 1064 3247 oporteat.
1164 3158 1344 3225 Nam
1381 3157 1456 3225 id
1497 3181 1730 3227 omnes
1753 3168 2004 3250 poetae
2020 3208 2039 3245 ,
2095 3170 2163 3227 et
2191 3158 2337 3226 iure
2369 3157 2668 3249 quidem,

436 3281 831 3329 concessum
869 3259 995 3327 sibi
1033 3260 1485 3330 existimarunt
1500 3311 1521 3349 ,
1570 3271 1646 3331 ut
1661 3312 1684 3352 ,
1737 3285 1912 3352 quae
1952 3261 2042 3330 ad
2084 3262 2361 3354 plenam
2400 3265 2502 3331 rei
2545 3283 2670 3330 co-

436 3363 809 3456 gnitionem
869 3365 1239 3433 necessaria
1309 3375 1525 3434 essent
1539 3415 1560 3453 ,
1651 3388 1790 3434 non
1855 3367 2328 3457 praeterirent,
2416 3365 2671 3434 etiamsi

435 3489 611 3536 nunc
654 3465 933 3534 demum
975 3468 1102 3535 ista
1144 3468 1282 3538 dici
1299 3517 1320 3555 ,
1372 3470 1427 3537 si
1461 3494 1569 3539 res
1607 3492 1769 3539 vere
1812 3479 2128 3561 ageretur
2142 3518 2163 3555 ,
2214 3492 2459 3561 parum
2501 3475 2671 3536 esset

439 3568 785 3638 credibile.
886 3570 1088 3639 Latet
1125 3572 1322 3640 enim»
1346 3572 1486 3644 hoc
1510 3583 1963 3664 spectatorem
1978 3623 1999 3659 ,
2053 3573 2143 3641 ad
2168 3595 2316 3640 rem
2348 3593 2671 3663 praesen-

437 3681 571 3740 tem
614 3680 940 3740 attentum
959 3726 979 3762 ,
1061 3697 1225 3761 nec,
1308 3676 1473 3744 dum
1529 3678 1831 3745 fabulam
1877 3685 2171 3768 spectat,
2200 3708 2223 3723 ι
2240 3676 2466 3742 omnia
2515 3683 2670 3743 ante

443 3785 592 3845 acta
623 3777 846 3844 animo
884 3787 1330 3868 reputantem.
1449 3780 1635 3848 Illud
1676 3780 1905 3871 potius
1944 3778 2511 3848 considerandum
2550 3787 2669 3864 est,

439 3901 643 3968 quam
680 3880 1033 3972 praeclare
1079 3892 1288 3974 poeta
1331 3882 1841 3953 admirationem
1880 3885 2139 3973 patriae
2179 3884 2333 3951 urbi
2378 3906 2462 3951 eo
2504 3903 2673 3951 con-

440 3983 712 4069 ciliarit,
765 3985 989 4074 quod,
1041 3987 1622 4076 quemadmodum
1656 3989 1882 4055 omnia
1907 3995 2169 4055 remota
2200 4008 2328 4055 nec
2362 3988 2518 4054 satis
2548 4008 2673 4056 co-

337 4078 342 4087 ”
438 4087 624 4177 gnita
667 4088 1167 4157 admirabiliora
1210 4090 1555 4177 videntur,
1622 4092 1719 4159 ita
1762 4091 1962 4161 etiam
2009 4090 2098 4159 de
2139 4089 2423 4159 Athenis
2465 4099 2542 4158 ut
2583 4090 2672 4157 de

365 4268 375 4277 ,
437 4190 593 4260 loco
619 4190 1008 4287 longissime
1036 4193 1269 4263 dissito
1300 4202 1368 4263 et
1394 4195 1580 4264 fama
1616 4203 1876 4264 tantum
1907 4204 2071 4263 noto
2119 4195 2354 4265 Persas
2381 4195 2672 4285 loquen-

434 4302 532 4362 tes
582 4295 968 4364 introducit.

445 4407 451 4412 ’
635 4399 783 4495 Iam
822 4422 985 4468 vero
999 4449 1020 4487 ,
1088 4401 1305 4470 dubiis
1331 4411 1516 4471 metu
1548 4402 1782 4471 animis
1797 4451 1818 4489 ,
1869 4402 2148 4473 nuncius
2192 4401 2484 4486 advenit,
2533 4422 2672 4469 non

433 4496 551 4571 ille
601 4505 822 4572 statim
879 4506 1255 4598 composita
1285 4507 1615 4576 ‘oratione
1660 4530 1810 4578 rem
1850 4528 2228 4603 exponens,
2281 4504 2402 4573 sed
2420 4551 2443 4589 ,
2494 4512 2571 4572 ut
2601 4504 2674 4571 in
