3325 5317
710 476 840 542 184
988 471 1109 535 m:
1162 470 1491 535 CHORO
1548 466 2136 536 EVMENIDVM
2190 471 2666 536 AEscHYm

709 643 1051 716 Maussaci
1079 637 1287 714 'notas
1333 637 1433 736 Ρ.’
1460 637 1672 736 133.)
1734 643 1860 715 sed
1914 635 2117 714 etiam
2185 638 2467 715 verbum
2521 622 2811 738 τιμᾶτι
2847 642 2956 717 ‘sic

710 746 897 820 uude
920 748 1216 844 positum
1244 746 1508 840 aliquid·
1528 746 1852 819 excidisse
1878 757 2218 818 momtrat.
2324 749 2462 822 Hic
2496 749 2675 820 enim
2699 770 2952 836 versus,

1022 896 1622 999 φοινικοβάπτοις
1670 904 1991 985 ἐνδυτοῖς
2022 895 2438 1000 ἐσθήμασιν
2453 955 2483 992 ,

708 1055 769 1126 si
809 1055 960 1146 quis
1004 1053 1170 1122 alius
1183 1103 1206 1140 ,
1247 1054 1409 1122 -vitii
1464 1053 1846 1146 suspicione
1901 1075 2153 1125 vacuus
2208 1063 2324 1124 est.
2441 1055 2623 1124 Num
2661 1048 2956 1137 ἑνδυτδς

711 1180 850 1228 ιιοιι
894 1157 1291 1249 simpliciter
1304 1203 1327 1243 ‚
1387 1157 1581 1248 quod
1621 1156 1957 1246 induitur,
2008 1157 2344 1250 significat
2359 1204 2382 1242 ‚
2430 1157 2554 1226 sed
2602 1157 2792 1247 quod
2839 1179 2955 1226 or-

705 1269 904 1332 natus
957 1282 1222 1332 caussa:
1291 1259 1449 1330 vide
1492 1261 1733 1354 Eurip.
1779 1262 1939 1352 lpb.
1983 1262 2145 1332 Aul.
2190 1259 2416 1330 1979.
2466 1259 2731 1335 Troad.
2775 1256 2952 1346 2⁵9,

618 1394 624 1402 ¹
710 1363 926 1457 Apud
960 1363 1278 1434 eumdem
1301 1363 1371 1433 in
1398 1364 1567 1432 Ioue
1595 1387 1658 1433 v.
1691 1363 1864 1432 231.
1893 1375 1996 1434 est
2023 1357 2318 1444 ἕνδυτδς
2340 1365 2746 1458 στέμμασι,
2799 1384 2954 1434 ser·-

710 1467 805 1538 tis
849 1475 1160 1538 matus.
1259 1466 1382 1537 Sic
1411 1467 1615 1535 etiam
1658 1466 2050 1560 Sophocles
2090 1468 2164 1536 in
2211 1465 2469 1536 Traeh.
2506 1464 2683 1536 674.
2735 1470 2954 1541 ἐνδυ-

709 1570 905 1667 τῆρα
947 1571 1221 1646 πέπλον
1263 1568 1462 1656 dixit,
1528 1593 1708 1659 quae
1750 1572 1958 1643 verba
2005 1571 2189 1640 male
2226 1569 2705 1663 interpretatur
2748 1569 2956 1640 Mus-

841 1695 1006 1742 nus.

711 1692 843 1767 gn
916 1773 1363 1845 Revertamur
1402 1774 1495 1843 ud
1537 1773 1919 1846 Pollucem.
1970 1775 2065 1843 Et
2091 1797 2305 1865 quum
2328 1776 2521 1844 nulla
2548 1785 2689 1844 tam
2729 1774 2956 1868 inepta
3025 1867 3032 1876 ι

711 1877 1089 1969 reperiatur
1112 1878 1383 1963 fabula,
1433 1899 1611 1968 quae
1642 1900 1791 1947 ιιοιι
1809 1877 2089 1969 aliquid
2098 1879 2247 1948 veri
2293 1879 2662 1964 contineat,
2714 1879 2957 1948 viden-

712 1980 883 2050 dum
922 1987 1195 2067 est,an
1240 2003 1326 2049 ex
1363 1980 1509 2066 his,
1558 2004 1736 2071 quae
1784 1981 1974 2075 apud
2009 1981 2197 2051 hunc
2239 1992 2308 2051 et
2344 1984 2414 2051 in
2448 1982 2586 2051 vita
2627 1981 2957 2073 Aeschyli

712 2082 1038 2177 leguntur
1051 2130 1074 2170 ,
1125 2083 1388 2175 aliquid
1419 2084 1608 2156 effici
1638 2085 1872 2177 possit,
1920 2084 2114 2176 quod
2140 2084 2266 2153 nisi
2288 2108 2542 2172 verum,
2596 2093 2782 2157 certe
2816 2085 2957 2155 veri

712 2186 934 2257 simile
980 2185 1082 2255 sit.
1183 2188 1415 2257 Ambo
1457 2187 1822 2280 scriptores
1864 2189 1934 2257 in
1997 2210 2081 2257 eo
2129 2190 2565 2275 conveniunt,
2630 2211 2959 2282 magnum

681 2299 1041 2360 -terrorem
1081 2288 1301 2361 choro
1331 2291 1744 2361 Furiarum·
1722 2314 1794 2360 ιιι
1821 2291 2092 2361 theatro
2118 2294 2486 2362 excitatum
2529 2315 2700 2362 esse.
2749 2293 2959 2383 idque

714 2393 812 2465 sic
845 2401 946 2464 est
967 2394 1332 2485 probabile
1346 2443 1368 2482 ,
1420 2405 1497 2464 ut
1529 2395 1689 2465 iure
1731 2415 1864 2491 pro
1911 2417 2074 2465 vero
2118 2394 2360 2464 haberi
2399 2395 2647 2488 possit:
2697 2395 2961 2466 dissen-

623 2504 709 2570 1⁸
719 2497 892 2566 tiunt
919 2506 1146 2567 autem
1169 2498 1263 2567 de
1289 2519 1520 2568 caussa
1545 2498 1748 2567 huius
1784 2500 2091 2569 terroris:
2141 2522 2348 2589 quam
2378 2520 2587 2591 quum
2613 2500 2863 2569 Pollux
2888 2499 2960 2567 in

714 2623 999 2670 numero
1039 2611 1253 2693 ponat
1297 2602 1787 2696 quinquaginta
1831 2603 2190 2672 Furiarum
2208 2652 2231 2689 ,
2293 2603 2481 2692 quod
2525 2603 2770 2671 falsum
2813 2626 2958 2672 esse

718 2703 1071 2773 docuimus
1085 2752 1108 2790 ,
1187 2704 1527 2794 reliquum
1573 2714 1708 2790 est,
1786 2715 1862 2773 ut
1924 2706 2196 2775 alterius
2247 2706 2590 2798 scriptoris
2634 2707 2959 2776 sententia
3016 2732 3021 2736 ’

717 2805 1219 2892 consideretur,
1271 2808 1389 2896 qui
1431 2830 1516 2876 eo
1560 2810 1828 2876 territos
1874 2808 2041 2877 dicit
2082 2819 2533 2900 spectatoreS,
2582 2811 2774 2900 quod
2812 2811 2960 2878 Fu-

716 2907 859 2978 riae
885 2903 1258 3008 σποράδην
1288 2910 1717 2980 introductae
1742 2910 2010 2980 fuerint.
2112 2912 2222 2981 De
2267 2937 2350 2982 ea
2377 2936 2455 2982 re
2501 2935 2816 2984 excursus
2858 2922 2958 2982 est

714 3010 1157 3102 Boettigeri'
1139 3035 1210 3081 ιιι
1248 3013 1424 3083 libro
1469 3013 1560 3082 de
1602 3014 1908 3106 personis
1950 3013 2308 3084 Furiarum
2356 3040 2428 3108 Ρ.
2475 3013 2600 3086 98.
2645 3040 2790 3107 seq.
2838 3018 2959 3106 qui

717 3103 1084 3212 σποράδην
1154 3099 1630 3208 interpretatur
1684 3119 2144 3204 catervatim,
2198 3128 2287 3188 et
2322 3121 2418 3190 ita
2456 3120 2796 3213 templum
2849 3120 2959 3188 in-

715 3238 977 3310 gressas
1015 3227 1213 3307 putat
1254 3242 1319 3287 v.
1354 3219 1535 3293 244.
1649 3222 1982 3290 Neutrum
2045 3167 2362 3313 equidem
2407 3224 2498 3292 ab
2541 3224 2726 3294 omni
2743 3233 2961 3318 parte

714 3316 1167 3414 probaverim.
1286 3316 1680 3422 Σποράδην
1724 3323 2021 3392 Zonaras
2067 3326 2540 3419 interpretatur
2583 3329 2958 3426 ἐσπαρμέ-

720 3449 888 3505 νοις,
956 3422 1241 3493 Photius
1287 3434 1355 3493 et
1397 3426 1644 3494 Suidas
1690 3429 2226 3520 διεσπαρμένως
2268 3427 2404 3504 ὦδε
2433 3436 2754 3520 nausias,
2806 3431 2962 3499 He·-

716 3525 989 3618 sychius
1032 3528 1490 3623 ἑσπαρμένως
1518 3526 1565 3618 ἢ
1601 3533 1678 3601 ἐν
1711 3524 2115 3628 διαφόροις.
2169 3531 2672 3624 Moschopulus
2699 3534 2958 3604 Sched.

715 3652 789 3721 Ρ.
825 3628 998 3701 199..
1053 3624 1423 3742 σποραδην
1472 3629 1814 3705 ἴστανταί
1849 3659 2043 3714 ’τινες
2052 3633 2358 3731 ,leyovv
2403 3638 2956 3760 διεσπαρμέναις

716 3730 822 3798 Ita
843 3732 1190 3803 Plutarch.
1219 3732 1480 3863 Sy'mp.
1485 3733 1582 3803 11.
1616 3733 1685 3802 l.
1714 3759 1789 3827 Ρ.
1823 3734 1998 3804 629.
2024 3736 2111 3804 Ι).
2121 3736 2224 3806 E.
2255 3733 2628 3835 σποράδην
2655 3741 2732 3812 δὲ
2767 3735 2960 3812 οἰνα-

722 3830 1163 3956 γέγρὰπται,
1213 3837 1334 3911 καὶ
1389 3866 1477 3911 ου
1529 3841 1772 3911 διακεκ
1823 3839 2117 3931 ιμενως,
2173 3836 2339 3914 ἀλλ’
2391 3869 2481 3922 ως
2515 3845 2817 3916 ἕκαστον
2863 3846 2962 3922 εἰς

719 3959 1019 4109 5:211?ssss
1051 3934 1774 4130 ἔζῗίειιζιιιιιᾘιζιξιιὴίειιῐ
1787 3941 2962 4117 ειξιὶῆΐζᾱοιίΐυίἕίᾶξιιιῖῗιῗὲἱὲεἳυω

2249 4094 2270 4131 ,
2925 4089 2962 4099 -

719 4148 907 4211 ctum
954 4140 1223 4234 ingredi
1236 4190 1259 4229 ,
1322 4145 1443 4213 sed
1489 4147 1786 4240 singulas
1841 4148 2034 4216 nullo
2099 4159 2285 4218 certo
2347 4149 2586 4220 ordine
2624 4152 2962 4220 advenire.

718 4242 808 4312 Id
841 4250 1069 4313 autem
1099 4245 1248 4314 fieri
1275 4268 1413 4315 non
1443 4259 1715 4341 poterat
1743 4252 1905 4340 quin
1939 4252 2302 4321 maximum
2325 4243 2654 4326 terrorem
2687 4263 2962 4347 specta-

720 4347 979 4419 toribus
999 4348 1367 4434 incuteret,
1418 4374 1557 4420 non
1600 4355 1815 4422 modo
1848 4357 1940 4423 ob
1974 4355 2077 4423 rei
2115 4357 2562 4442 insolentiam,
2605 4357 2826 4448 (aliud
2859 4369 2963 4442 est
3015 4376 3020 4379 ·

724 4451 937 4539 enim,
999 4452 1199 4543 quod
1243 4453 1495 4524 Pollux
1530 4455 1698 4528 dicit
1738 4453 1866 4528 IV.
1917 4456 2090 4528 1⁰9.
2145 4457 2315 4534 ἔσθ’
2355 4457 2485 4537 ὅτε
2529 4461 2606 4535 δὲ
2641 4460 2763 4534 καὶ
2789 4457 2960 4536 καθ’
