3325 5317
1143 489 1800 555 DISSERTATIO.
2468 496 2601 561 m

355 669 629 757 raptam
664 686 707 731 a
746 660 1234 749 PhoenicibuS,
1313 669 1384 732 et
1423 660 1494 730 in
1544 661 1944 755 Aegyptum
1986 670 2398 755 asportatam
2434 685 2599 736 esse.

353 770 539 838 Nam
582 767 793 835 verba
838 759 978 863 τήν
1038 761 1329 857 Ἰνάχου
1384 766 1563 835 bene
1622 757 1988 837 vindicavit
2038 769 2484 839 Buttmannus
2527 768 2600 837 in

354 871 610 939 Museo
642 870 817 943 stud.
869 870 1075 958 antiq.
1108 869 1518 954 Germanico
1550 870 1686 939 vol.
1718 870 1807 937 ΙΙ.
1843 872 1922 940 P.
1948 872 2039 939 11.
2079 894 2152 963 p.
2181 870 2356 939 371.
2406 893 2597 961 seqq.

353 975 466 1043 Ita
507 973 715 1065 igitur
745 995 956 1063 quum
1001 971 1214 1041 modo
1261 973 1562 1064 Argivae
1606 974 1953 1059 mulieres,
2010 975 2224 1042 modo
2254 975 2601 1043 exundan-

354 1086 462 1147 tes
508 1099 726 1165 aquae
773 1077 885 1144 vel
928 1076 1102 1161 Nili,
1165 1077 1276 1145 vel
1315 1076 1584 1167 paludis
1622 1075 1990 1145 Maeotidis
2005 1125 2026 1162 ,
2078 1079 2193 1147 vel·
2239 1077 2423 1147 fluvii
2474 1099 2599 1148 cu-

351 1181 645 1271 iuspiam
686 1179 928 1271 Argivi
976 1178 1224 1248 eodem
1261 1180 1373 1247 Ius
1419 1180 1694 1248 nomine
1722 1178 2135 1266 dicerentur,
2184 1190 2456 1271 poetae,
2508 1179 2599 1251 de

348 1284 906 1374 interpretatione
931 1282 1315 1351 fabularum
1346 1284 1562 1353 securi
1577 1331 1598 1369 ,
1652 1285 1882 1351 omnia
1913 1284 2004 1351 ad
2035 1307 2238 1352 unam
2269 1284 2599 1382 Argivam

351 1388 662 1481 puellam
702 1387 1070 1455 retulerunt
1084 1438 1104 1474 ,
1158 1394 1226 1454 et
1240 1434 1262 1471 ,
1314 1409 1452 1476 quo
1488 1411 1570 1455 ea
1602 1394 1764 1477 apte
1801 1388 2281 1481 coniungerent
2296 1435 2320 1474 ,
2380 1389 2599 1458 varias

355 1513 663 1563 errorum
697 1491 810 1559 Ius
856 1488 1337 1582 descriptiones
1379 1498 1880 1562 contexuerunt.

560 1695 702 1766 Sed
752 1695 965 1764 redeo
1013 1694 1084 1763 in
1132 1695 1330 1764 viam.
1432 1695 1655 1787 Libya
1673 1748 1695 1786 ,
1747 1697 1909 1765 sive
1918 1693 2281 1788 Oppletia,
2333 1718 2415 1764 ex
2452 1695 2599 1765 Ne-

353 1808 572 1892 ptuno
621 1800 802 1893 parit
842 1792 1207 1897 Ἀγήνορα
1241 1807 1310 1866 et
1357 1798 1645 1896 Βῆλον,
1698 1799 2107 1871 Ducentium
2135 1808 2204 1867 et
2228 1799 2598 1869 Liminem=

352 1904 548 1995 quod
594 1912 695 1974 est
739 1904 1016 1971 navibus
1066 1902 1328 1970 delatos
1371 1902 1461 1968 ad
1510 1904 1803 1992 Libyam
1823 1951 1845 1988 ,
1911 1904 2077 1972 alios
2119 1903 2389 1995 longius
2427 1924 2598 1995 pro-

355 2028 624 2101 gressos
671 2029 813 2075 esse
830 2058 850 2094 ,
904 2006 1073 2074 alios
1124 2005 1195 2071 in
1245 2006 1393 2095 ipsa
1431 2026 1556 2073 ora
1596 2007 1934 2076 mansisse.
2034 2006 2281 2075 Limen
2315 2028 2596 2075 uxorem

354 2111 547 2181 duxit
572 2101 999 2205 Ἀγχινόην,
1050 2109 1544 2194 Proximinam,
1594 2109 1809 2177 filiam
1841 2108 2019 2194 Nili,
2070 2130 2154 2178 ex
2185 2131 2322 2199 qua
2358 2110 2598 2200 'gemi-

350 2238 476 2285 nos
515 2212 843 2304 suscepit,
894 2213 1277 2304 Λῖγυπτον
1305 2219 1373 2279 et
1401 2210 1710 2286 Δαναόν
1727 2259 1749 2296 ,
1798 2212 2172 2280 Volucrem
2205 2221 2273 2280 et
2315 2213 2595 2281 Naucu-

352 2318 635 2387 larium:
684 2337 974 2405 quorum
1007 2314 1303 2387 volucer
1335 2315 1661 2383 Arabiam
1694 2316 1927 2407 petiit,
1976 2315 2423 2386 Naucularius
2471 2338 2596 2383 au-

352 2431 495 2491 tem
538 2420 830 2508 Libyam
881 2418 1117 2491 tenuit.
1235 2420 1574 2510 Apertum
1615 2428 1749 2504 est,
1819 2427 2100 2510 captum
2153 2440 2237 2487 ex
2282 2427 2598 2509 tempore

354 2526 446 2594 ab
494 2522 805 2606 advenis,
870 2521 989 2610 qui
1040 2530 1453 2608 manserant,
1520 2522 1874 2593 consilium
1922 2521 2094 2607 dici,
2163 2543 2453 2612 quorum
2482 2521 2597 2589 alii

351 2628 676 2701 Arabiam
714 2625 1109 2716 occuparint
1126 2672 1147 2709 ,
1202 2646 1532 2715 equorum
1578 2625 1939 2697 velocitate
1978 2624 2070 2709 ad
2115 2627 2383 2717 rapinas
2426 2649 2597 2696 con-

351 2732 561 2817 versi,
614 2729 731 2820 qui
765 2752 914 2798 mos
948 2727 1041 2797 ad
1086 2728 1495 2798 hodiernum
1536 2751 1753 2818 usque
1786 2727 1972 2798 diem
1998 2731 2242 2798 mansit
2272 2730 2598 2809 Arabiae3

350 2836 470 2903 alii
503 2842 729 2905 autem
744 2882 765 2919 ,
815 2840 1157 2901 manentes
1201 2832 1293 2900 ad
1337 2855 1561 2922 mare,
1610 2833 2024 2925 navigationi
2061 2855 2344 2926 operam
2377 2833 2598 2902 dede-

349 2940 503 3008 rint.
601 2938 785 3008 Hiuc
826 2959 1004 3026 quae
1049 2938 1116 3005 N
1118 2935 1459 3005 auculario
1492 2947 1853 3030 nascuntur
1882 2936 2363 3030 quinquaginta
2393 2937 2595 3023 filiae,

350 3064 555 3111 naves
605 3063 747 3110 esse
797 3047 1120 3133 apparet3
1183 3039 1564 3131 praedones
1611 3049 1835 3109 autem
1856 3088 1878 3126 ,
1946 3041 2066 3129 qui
2108 3040 2397 3110 totidem
2446 3048 2596 3109 sunt

350 3145 479 3213 filii
535 3144 861 3215 volucris.
966 3142 1158 3227 Quos
1229 3152 1534 3216 metuens
1596 3145 2041 3215 Naucularius
2098 3167 2254 3216 cum
2322 3145 2596 3213 filiabus

349 3247 669 3339 confugit
696 3244 998 3344 Ἄργος,
1052 3245 1380 3315 Micuam.
1481 3246 1953 3317 Nihilominus·
1983 3270 2068 3317 eo
2098 3270 2345 3318 venere
2373 3249 2597 3317 Volu-

351 3353 481 3423 cris
525 3351 651 3419 filii
665 3398 685 3435 ,
736 3358 1022 3441 nuptum
1061 3349 1214 3417 illas
1249 3350 1375 3417 sibi
1403 3358 1732 3443 petentes.
1835 3351 2167 3423 Daturum
2199 3375 2274 3420 se
2304 3350 2600 3444 spondet

352 3454 800 3525 Naucularius
817 3500 838 3537 ,
903 3453 1026 3522 scd
1076 3453 1256 3522 clam
1303 3454 1581 3523 mandat
1622 3455 1922 3541 filiabuS,
1992 3462 2070 3522 ut
2127 3455 2353 3546 prima
2395 3461 2597 3522 nocte

353 3560 660 3649 sponsos*
669 3555 1065 3624 interimant.
1117 3556 1456 3627 Fecerunt
1486 3557 1560 3625 id
1590 3559 1783 3644 illae,
1832 3566 2103 3649 praeter
2141 3579 2368 3641 unam,
2419 3579 2598 3645 quae

356 3681 708 3753 sponsum,
760 3659 950 3748 quod
996 3682 1067 3732 se
1112 3660 1447 3751 virginem
1479 3683 1622 3730 esse
1660 3662 1917 3730 sivisset
1931 3706 1954 3746 ,
2002 3660 2412 3730 incolumem
2452 3682 2597 3730 ser-

349 3768 554 3839 vavit.
655 3766 813 3833 Non
863 3770 961 3832 est
1008 3763 1368 3833 obscurum
1386 3813 1407 3850 ,
1459 3786 1664 3833 naves
1710 3762 1850 3833 dici
1897 3786 1939 3831 a
1986 3762 2444 3854 praedonibus
2476 3784 2597 3833 ca-

348 3877 504 3961 ptas
521 3918 543 3956 ,
593 3867 715 3937 sed
764 3865 1018 3936 deinde
1043 3868 1475 3958 naufragium
1503 3890 1752 3961 passast,
1801 3874 2072 3958 praeter
2097 3887 2303 3935 unam
2317 3913 2340 3953 ,
2388 3889 2599 3957 quam

353 3981 715 4064 tempestas
773 3992 930 4039 cum
993 3971 1452 4062 praedonibus
1470 4019 1490 4057 ,
1571 3971 1691 4059 qui
1737 3992 1890 4038 eam
1934 3977 2297 4062 ceperant,
2372 3971 2599 4041 redire

351 4075 422 4144 in
454 4082 732 4168 portum
765 4074 1016 4165 coegit.
1117 4073 1316 4145 Haec
1346 4074 1539 4163 quod
1558 4164 1561 4168 .
1580 4073 1845 4151 felicius
1882 4074 2269 4166 navigarat,
2318 4070 2542 4173 ’Υπερ
2566 4120 2592 4132 -

348 4172 723 4274 μνήστρα,
774 4174 1114 4246 Praenisia
1130 4224 1151 4263 ,
1203 4176 1418 4248 dicta:
1465 4177 1895 4268 praedonum
1940 4186 2200 4265 autem,
2268 4179 2387 4267 qui
2438 4184 2688 4248 eam18

350 4282 704 4367 tenebant,
785 4280 1134 4372 vigilantia
1176 4279 1435 4369 Lyncei
1480 4280 1750 4351 nomine
1798 4280 2196 4373 significata.
2309 4280 2592 4349 Praeni-

349 4383 518 4456 siam
601 4392 799 4474 pater
867 4382 1311 4454 Naucularius
1391 4405 1665 4454 carcere
1744 4384 2165 4474 aliquamdiu
2239 4382 2588 4468 inclusam,

346 4496 589 4579 postea
622 4488 903 4580 Lynceo
950 4506 1232 4557 uxorem
1276 4485 1503 4557 dedit:
1552 4487 1595 4556 i.
1632 4511 1691 4558 e.
1732 4489 2116 4583 praedones
2131 4535 2154 4579 ,
2204 4508 2418 4578 quum
2463 4508 2591 4579 spe
