3325 5317
1085 466 1736 531 DISSERTATIO.
2409 471 2571 538 1⁷5²
2659 413 2668 433 ι

300 640 511 713 effusa
554 643 939 713 uuiversum
984 642 1226 713 orbem
1268 652 1597 711 terrarum
1652 641 2001 713 inundavit
2045 650 2248 735 atque
2292 644 2536 714 obruit.

298 747 490 831 Quae
533 770 747 836 quum
796 746 1139 816 resederat
1154 796 1175 834 ,
1227 755 1306 816 ut
1349 747 1492 817 hoc
1534 747 1787 816 addam
1803 796 1825 834 ,
1874 756 2023 816 tum
2073 748 2350 817 demum
2385 771 2538 818 ma·-

297 850 423 937 ria,
465 851 775 938 flumina,
827 850 1049 919 fontes
1099 860 1577 942 apparuerunt.
1684 851 1856 919 Inde
1898 834 2280 972 Homerus.

397 1104 404 1111 ,
443 1109 451 1118 .
495 1025 569 1105 ἐξ
621 1016 846 1118 οὗπερ
900 1048 1165 1107 παντες
1214 1019 1588 1115 ποταμοί,
1639 1020 1763 1094 καὶ
1813 1021 2015 1096 πᾶσα
2045 1017 2432 1105 θάλασσα,

395 1220 402 1225 .
492 1124 618 1197 καὶ
671 1124 908 1197 πᾶσαι
958 1125 1252 1222 κρῆναι,
1306 1124 1428 1198 καὶ
1480 1124 1799 1222 φρείατα
1847 1121 2099 1223 paupe?
2145 1121 2493 1232 minuam.¹
2536 1206 2537 1213 χ

290 1275 714 1345 Effusionem
756 1277 951 1346 illam
996 1300 1324 1366 aquarum
1370 1278 1691 1347 comitata
1734 1286 1832 1347 est
1887 1279 2124 1372 ingens
2166 1280 2541 1349 elemento-

292 1402 437 1447 rum
485 1382 789 1451 omnium
832 1383 1258 1472 perturbatio
1276 1430 1297 1467 ‚
1368 1390 1445 1449 ut
1488 1381 1800 1468 disiecta,
1863 1383 2115 1472 soluta,
2181 1385 2539 1475 permixta,

291 1505 544 1555 sursum
616 1484 932 1552 deorsum
947 1534 967 1571 ,
1049 1485 1230 1553 ultro
1301 1485 1470 1554 citro
1547 1494 1853 1572 ruerent,
1920 1496 2126 1577 atque·
2185 1487 2538 1572 ferrentur,

289 1608 498 1676 usque
545 1588 715 1656 dum
761 1597 999 1658 mutuo
1041 1612 1111 1658 se
1146 1588 1294 1680 ipsa
1336 1586 1721 1658 coercendo
1770 1589 1998 1660 turbas
2037 1589 2190 1659 illas
2247 1611 2540 1683 compo-

292 1701 581 1786 suerunt.
684 1692 890 1762 Hunc
918 1692 1266 1762 universae
1293 1701 1569 1762 naturae
1601 1694 1967 1762 tumultum
1997 1695 2236 1765 fratres
2278 1692 2539 1763 Oceani

293 1786 405 1861 alii
461 1797 742 1864 Titanes
779 1794 856 1887 *J
917 1788 1274 1882 denotant,
1350 1819 1480 1888 per
1533 1799 1764 1889 paria,
1844 1784 1929 1867 ut
1968 1798 2212 1890 singuli
2261 1794 2540 1889 singulis

293 1900 591 1988 oppositi
633 1904 815 1986 sunt,
894 1899 1215 1991 deinceps
1258 1900 1696 1990 prodeuntes.
1798 1902 1907 1971 Ac
1939 1903 2165 1992 primo
2196 1903 2426 1982 Κοῖος
2467 1908 2537 1969 et

292 2003 571 2097 Κρῖος,’
631 2002 979 2072 Turbulus
1020 2012 1089 2071 et
1144 2003 1455 2097 Seiugus.
1580 2006 1676 2072 Et
1717 2006 1959 2101 Κρῖον
2007 2004 2289 2095 quidem
2348 2002 2589 2074 recte'S

289 2102 423 2172 iam
465 2114 724 2174 veteres
766 2106 1185 2198 interpretati
1221 2115 1404 2192 sunt,
1468 2105 1630 2174 inde
1673 2107 1931 2176 dictum
1978 2106 2282 2178 videntes
2296 2156 2317 2194 ‚
2353 2107 2547 2175 unde‘

291 2216 391 2275 est
418 2209 703 2279 verbum
734 2207 1024 2305 κρίνειν.
1031 2199 1052 2233 '
1128 2209 1210 2277 In
1252 2209 1519 2279 alterius
1548 2210 1822 2278 nomine
1861 2211 2143 2281 mirifice
2177 2219 2537 2303 nugantur,

290 2313 479 2399 quod
537 2336 621 2382 ex
677 2313 888 2382 verbo
948 2310 1167 2385 κείων
1215 2314 1499 2384 ductum
1546 2322 1685 2401 est,
1753 2322 1833 2385 ut
1876 2310 2115 2396 κλοιός
2157 2338 2200 2382 a
2252 2312 2536 2387 κλείειν.

289 2412 622 2484 Desidunt
659 2426 883 2484 autem
925 2415 1225 2485 turbida:
1307 2416 1492 2487 unde
1537 2439 1621 2485 ex
1685 2417 1929 2486 eadem
1989 2421 2198 2511 stirpe
2238 2418 2539 2486 derivata

292 2527 441 2586 sunt
487 2514 728 2602 κοινός
774 2528 852 2587 et
896 2540 1206 2587 coenum.
1308 2522 1473 2589 Post
1512 2520 1645 2591 hos
1690 2520 1996 2591 videmus
2037 2518 2428 2617 Υπερίονα
2473 2528 2542 2590 et

290 2614 629 2696 Ιαπετόν
645 2678 674 2712 ,
727 2622 1077 2692 Tollinem
1122 2631 1189 2697 et
1226 2620 1597 2711 Mersium,
1664 2646 1956 2714 quorum
1999 2626 2244 2717 prioris
2290 2646 2539 2693 nomen

283 2746 334 2793 ,a
365 2726 640 2794 verbo
612 2729 798 2800 ιε’ναι
829 2726 1122 2809 factum3
1174 2729 1443 2797 alterius
1472 2737 1784 2820 apertum
1829 2737 1947 2798 est.
2049 2728 2322 2798 Dehinc
2357 2727 2540 2801 Θεία

294 2837 359 2895 et
397 2826 609 2903 Ρεία
629 2879 651 2919 ,
702 2831 1089 2899 Ambulona
1131 2839 1199 2899 et
1221 2832 1560 2920 Fluonia,
1593 2855 1882 2923 quarum
1918 2856 2149 2902 meare
2182 2851 2540 2915 commune

293 2939 423 3018 est,
494 2932 611 3000 sed
659 2934 944 3025 propria
986 2943 1172 3020 sunt,
1240 2935 1545 3023 alteriuS,
1604 2960 1879 3006 manere
1920 2938 2095 3006 inter
2136 2934 2541 3017 meandum;

292 3034 584 3122 alteriuS‚
633 3036 954 3113 diffluere
982 3063 1064 3110 ac
1094 3039 1419 3132 dissipari.
1518 3040 1666 3110 Has
1695 3050 2080 3132 sequuntur,
2131 3050 2372 3133 postea
2405 3038 2539 3107 alia
2594 3065 2597 3069 ⁴

293 3138 525 3209 officia
568 3149 842 3228 nactae,
865 3228 878 3235 V
902 3143 1125 3234 Θέμις
1154 3152 1222 3211 et
1260 3139 1771 3242 Μνημοσύνη,
1823 3144 2083 3215 Statina
2118 3153 2185 3214 et
2226 3136 2567 3232 Moneta,⁴

293 3261 578 3330 quarum
637 3245 908 3314 alterius
954 3255 1083 3332 est,
1147 3246 1330 3315 fluxa
1392 3256 1682 3316 statuere
1736 3258 1805 3318 et
1865 3246 2209 3332 firmare3'
2240 3247 2543 3333 alterius‚·
2649 3331 2659 3341 ι

294 3347 705 3434 quiescentia
787 3338 1079 3420 excitare
1158 3359 1228 3418 et
1293 3373 1747 3420 commovere.
1861 3354 2221 3444 Vtriusque
2286 3373 2537 3420 nomen

292 3460 642 3542 apertum,
706 3453 920 3521 modo
961 3453 1249 3523 alterum
1286 3455 1434 3544 quis
1474 3476 1612 3524 non
1659 3478 1703 3523 a
1741 3457 2014 3526 nomine
2058 3449 2345 3552 μνήμη,
2413 3450 2535 3521 sed

294 3575 335 3619 a
383 3555 597 3625 verbo
656 3556 997 3648 μνᾶσθαι
1058 3557 1432 3628 deductum
1491 3560 1949 3646 meminerit,
2000 3558 2190 3648 quod
2252 3557 2535 3625 verbum

293 3678 448 3727 cum
501 3658 816 3727 affinibus
861 3659 1260 3753 μαίεσθαι,
1310 3663 1603 3754 μένειν,
1654 3664 2101 3756 μεμονέναι,
2152 3659 2534 3780 μενιιινᾷν,
2598 3660 2612 3679 ’

295 3782 336 3826 a
369 3756 593 3856 μοίειν
642 3761 1016 3831 derivatum
1035 3812 1056 3850 ‚
1124 3786 1555 3834 communem
1603 3763 1818 3834 habet
1870 3765 2125 3834 nitendi
2168 3762 2533 3849 notionem,

293 3885 468 3953 quae
509 3874 608 3937 est
660 3866 729 3934 in
779 3866 1200 3941 Germanicis
1248 3868 1531 3940 'streben
1580 3878 1648 3940 et
1685 3877 2044 3941 stemmen.
2145 3869 2536 3938 Postremae

376 4224 433 4302 *)
478 4222 747 4284 Permira
792 4226 913 4303 est,
971 4244 1153 4306 quam
1196 4225 1263 4290 C.
1309 4225 1382 4288 Ο.
1407 4225 1715 4299 ,Miillerus
1770 4224 1834 4289 in
1888 4226 2077 4290 Diar.
2092 4228 2212 4291 litt.
2258 4229 2528 4308 Gotting.

295 4325 349 4366 a.
379 4313 584 4377 ·.1821
646 4311 754 4370 fol.
799 4315 901 4377 96.
969 4332 1037 4392 p.
1100 4315 1246 4380 958.
1309 4313 1383 4375 ab
1447 4315 1697 4416 Solgerf)
1752 4325 2059 4396 acceptam
2132 4316 2368 4398 profert
2413 4315 2534 4376 'ri-

247 4478 260 4491 ¹⁵
292 4398 534 4457 tanum
558 4395 797 4458 fabulae
856 4397 1408 4480 explicationem,
1430 4420 1584 4483 quae
1652 4400 1774 4484 ipsi
1830 4401 2019 4485 magis
2073 4401 2370 4464 Hesiodea
2441 4406 2533 4459 est

292 4476 439 4542 visa.
2544 4492 2550 4500 .
