3325 5317
711 466 2272 553 cinnamomum,:tuemur-vm,
2409 472 2640 541 ,ιιι
2732 521 2739 531 ι

578 644 819 717 Paucis
862 644 1157 736 denique
1204 644 1804 715 commemoranda
1851 653 1950 715 est
1986 643 2455 741 Psychostasia
2468 692 2491 730 ‚
2540 645 2616 714 in
2725 700 2732 709 .
2795 652 2802 661 ’

370 772 508 839 qua
539 750 793 819 animas
816 748 1205 819 Memnonis
1238 757 1306 816 et
1332 745 1626 817 Achillis
1675 749 1986 840 Iuppiter
2029 750 2099 817 in
2117 792 2122 801 ι
2139 751 2409 819 bilance
2438 740 2619 840 pen-'

368 853 645 943 sitabat,
698 852 1107 922 adstantibus
1157 862 1224 920 et
1263 851 1564 920 filiorum
1604 852 1674 919 in
1716 853 1912 920 bello‘
1949 875 2298 939 caesorum
2355 874 2615 922 caussas

372 957 718 1026 orantibus
755 958 1026 1026 Aurora
1069 964 1136 1024 et
1162 953 1486 1023 Thetide.
1590 955 1793 1025 Hanc
1830 954 2139 1024 fabulam
2185 957 2247 1025 si
2272 957 2435 1027 licet
2473 963 2620 1025 ter-

368 1060 538 1129 tiam
577 1060 955 1130 existimare·
977 1059 1292 1149 trilogiae
1308 1105 1329 1140 ‚
1382 1058 1575 1129 cuius*
1619 1058 1841 1148 prima
1878 1057 2211 1129 Memnon
2229 1107 2251 1144 ‚
2318 1057 2618 1141 secunda.

371 1163 701 1235 Nereides
730 1162 1014 1246 fuerint,
1038 1198 1043 1205 -
1065 1161 1347 1253 egregie
1375 1160 1789 1255 conspirahit
1821 1182 1977 1231 cum
2015 1184 2136 1246 eo,
2187 1159 2380 1251 quod
2408 1184 2621 1253 supra

370 1275 449 1334 ut
489 1266 867 1358 legitimum
907 1268 1287 1355 posuimus,
1368 1265 1596 1332 tertias
1637 1264 2027 1357 tragoedias
2070 1266 2441 1356 spectaculi
2481 1285 2615 1337 no·-

369 1369 571 1439 vitate
620 1378 690 1438 et
731 1368 1197 1461 magnitudine
1234 1366 1605 1455 eminuissee

472 1614 479 1621 ·
576 1574 808 1644 Multo
855 1575 1200 1647 difficilius
1241 1584 1377 1659 est,
1431 1573 1521 1642 de
1544 1574 1931 1668 Euripideis
1958 1577 2246 1671 trilogiis
2290 1574 2610 1645 iudicare.

370 1677 706 1747 Videntur
747 1689 974 1748 tame’n
1017 1688 1178 1766 eae‘,
1224 1701 1393 1768 quas
1422 1701 1629 1770 supra
1655 1681 2172 1770 nominavimus,
2220 1701 2359 1755 non
2397 1678 2615 1749 minus

372 1782 776 1853 confirmare
804 1783 1199 1851 sententiam
1228 1790 1545 1867 nostram,
1599 1804 1806 1869 quam
1835 1783 2284 1873 Aeschyleae.
2355 1780 2618 1851 Medea

372 1885 648 1974 quidem
662 1933 683 1969 ‚
752 1908 958 1974 quam
1001 1885 1414 1954 Philoctetes
1461 1894 1531 1953 et
1578 1884 1815 1974 Dictys
1858 1887 2318 1978 excipiebant,
2391 1883 2616 1977 gravis

372 1997 442 2057 et
473 2011 705 2057 severa
748 1986 986 2057 fabula
1015 1997 1147 2072 est,
1197 1997 1272 2055 ut
1319 2010 1471 2073 eam
1512 1986 1654 2055 hoc
1693 1989 1964 2057 nomine
2003 1998 2191 2060 recte
2233 2011 2390 2060 cum
2417 1989 2617 2080 Aga-

367 2113 730 2161 memnone
762 2093 1147 2184 comparari
1184 2091 1403 2161 liceat.
1507 2089 1651 2157 Sed
1690 2088 1780 2159 de
1823 2091 2211 2162 Philocteta
2260 2098 2331 2160 et
2369 2091 2616 2179 Dictye

370 2218 547 2287 quae
600 2195 794 2264 nobis
836 2205 996 2264 nota
1041 2204 1227 2279 sunt,
1304 2215 1443 2261 non
1495 2192 1875 2280 sufficiunt,
1940 2203 2085 2279 ut‚¹
2128 2216 2335 2283 quam
2390 2193 2617 2261 similis

366 2299 528 2366 illae
571 2297 874 2368 Medeae
930 2305 1047 2366 aut
1094 2297 1445 2368 dissimiles
1504 2295 1786 2382 fuerint,
1867 2296 2204 2366 coniicere
2260 2296 2612 2388 possimus.

368 2401 641 2472 Eadem
696 2403 870 2471 illius
926 2402 1241 2493 trilogiae
1287 2399 1457 2469 ratio
1517 2408 1647 2487 est,
1715 2401 1788 2467 in
1828 2421 1965 2488 qua
2014 2399 2421 2468 Phoenissae
2464 2419 2616 2466 me-

372 2505 529 2573 diae
569 2505 838 2573 fuerunt
875 2506 1049 2573 inter
1085 2504 1520 2596 Hypsipylen
1564 2510 1634 2569 et
1677 2502 2082 2594 Antiopam:
2130 2502 2252 2572 sed
2282 2501 2403 2572 hic
2437 2523 2617 2590 quo·-

371 2631 507 2698 que
561 2609 630 2675 in
679 2608 907 2678 media
944 2608 1179 2689 fabula
1220 2606 1477 2697 aliquid
1498 2626 1772 2701 ‘ope-rae
1814 2607 2090 2677 canticis
2145 2605 2378 2674 datum
2421 2603 2618 2673 vide-

369 2733 551 2781 mus:
633 2710 1216 2801 quemadmodum
1257 2713 1329 2778 in
1376 2733 1460 2778 ea
1509 2709 1828 2800 trilogia,
1917 2731 2095 2798 quae
2130 2707 2613 2799 Alexandrum,

368 2815 846 2901 Palamedem,
917 2824 1022 2899 et,
1090 2815 1146 2882 si
1175 2816 1394 2883 'recte
1439 2811 1727 2882 coniecit
1772 2811 2239 2905 MusgraviuS,
2300 2810 2616 2881 Troades

371 2918 793 3004 continebat,
843 2918 1080 2985 ultima
1105 2917 1338 2986 fabula
1370 2915 1742 3008 praecipue
1771 2916 1841 2983 in
1868 2924 2067 2986 cantu
2100 2925 2437 3007 occupata
2465 2914 2613 2983 fuit.
2679 2940 2686 2947 ’

373 3020 638 3091 Certior
676 3044 784 3089 res
830 3030 927 3090 est
971 3021 1042 3087 in
1084 3019 1201 3088 illa
1238 3012 1551 3111 trilogia‚
1618 3041 1797 3108 quae
1836 3017 2139 3087 habebat
2177 3017 2614 3111 Iphigeniam

369 3125 439 3192 in
487 3124 778 3212 Aulide,
843 3123 1254 3207 Alcmenen,
1338 3132 1406 3192 et
1453 3122 1786 3192 Bacchas.
1903 3122 2211 3207 Quarum
2264 3122 2410 3201 etsi,
2435 3142 2615 3211 quae

367 3226 599 3297 media
638 3228 766 3295 fuit
789 3275 811 3313 ‚
875 3249 1014 3295 non
1065 3234 1317 3310 exstat,
1385 3225 1609 3318 prima
1665 3234 1893 3294 autem
1939 3233 2006 3295 et
2042 3224 2247 3294 valde
2291 3235 2614 3316 corrupta

371 3340 441 3400 et
469 3331 650 3399 miris
690 3330 912 3399 modis
949 3330 1356 3422 interpolata
1408 3338 1538 3415 est,
1589 3337 1819 3397 tamen
1854 3338 2176 3419 quantum
2214 3330 2304 3398 ab
2340 3352 2422 3398 ea
2468 3327 2614 3395 dif-

368 3433 591 3503 ferant
620 3433 943 3504 Bacchae
961 3483 983 3520 ,
1035 3457 1320 3522 quarum
1366 3433 1572 3524 plane
1604 3433 1772 3501 alius
1820 3433 2014 3502 color
2057 3441 2193 3517 est,
2243 3453 2446 3500 nemo
2475 3451 2613 3497 non

366 3536 575 3624 videt.
689 3537 927 3625 anue
981 3537 1215 3606 fabula
1271 3536 1547 3605 furentis
1615 3536 1940 3620 Penthei,
2017 3535 2615 3622 insanientiumque

365 3637 800 3709 Baccharum
842 3641 1235 3729 spectaculo
1282 3661 1420 3707 non
1462 3640 1680 3706 minus
1721 3638 1994 3723 oculos„
2064 3660 2269 3728 quam
2308 3636 2615 3708 cantico-

366 3765 520 3811 rum
562 3742 989 3812 vehementia
1034 3766 1224 3811 aures
1268 3743 1613 3811 retinuerit
1658 3763 1936 3812 necesse
1985 3749 2115 3826 est,
2163 3749 2238 3808 ut
2279 3739 2371 3808 ad
2421 3763 2614 3809 eam—

263 3914 272 3921 ,
368 3846 529 3915 dem
571 3848 901 3915 rationem
930 3846 1112 3933 facta
1136 3846 1478 3934 videatur,
1530 3844 1622 3914 de
1670 3868 1806 3936 qua
1844 3865 2047 3937 supra
2099 3844 2173 3912 in
2215 3842 2615 3915 Eumenidi-

366 3949 494 4017 bus
538 3949 807 4023 dictum
841 3959 957 4019 est.

577 4150 875 4223 Omnino
921 4162 1147 4224 autem
1163 4204 1186 4242 ,
1237 4152 1474 4243 quales
1510 4152 1826 4223 Troades
1873 4159 2058 4249 sunt,
2121 4151 2295 4224 aliae
2334 4177 2614 4245 quoque

365 4256 436 4325 in
476 4255 862 4348 Euripideis
892 4257 1169 4342 fabulis,
1223 4279 1479 4347 eaeque
1509 4258 1852 4328 breviores
1878 4258 2025 4328 fere
2058 4258 2456 4352 tragoediae
2500 4259 2611 4326 in-

364 4360 749 4449 veniuntur,
814 4363 991 4451 quae
1031 4360 1445 4431 canticorum
1488 4361 1806 4432 varietate
1846 4363 1940 4431 ita
1983 4370 2133 4434 sunt
2167 4370 2605 4456 temperatae,

367 4472 445 4533 ut
485 4487 570 4535 eo
619 4466 690 4536 in
737 4465 1027 4561 trilogiis
1074 4463 1310 4539 officio
1354 4465 1630 4541 functae
1670 4465 2052 4555 videantur,
2124 4466 2314 4559 quod
2366 4463 2702 4541 ehoe-14
2842 4550 2847 4556 ,
