3325 5317
940 452 1097 515 1:1³1
1111 451 1472 516 οΗΑιιΜι
1525 453 1640 518 m:
1696 451 2076 529 liviam
2504 457 2633 538 m

397 622 714 725 βηθρίην
780 620 871 700 θ’
940 622 1223 719 ὕπερθε
1275 624 1708 719 Πιμπλείας
1754 621 2063 724 σκοπήνε
2135 625 2258 695 ubi
2304 624 2633 696 Tzetzes.

397 727 792 849 θρηνηθεὶς
832 734 992 810 ταῖς
1039 755 1401 824 νυμφαις..
1465 726 1635 823 ἤτοι
1694 736 1854 813 ταῖς
1913 723 2296 814 Μούσαις,
2365 737 2634 811 αἵτινες

392 832 560 930 περὶ
572 825 739 952 ..τήν
770 831 1191 922 Πίμπλειαν
1221 830 1344 903 καὶ
1371 832 1885 930 Λειβηθριᾞαν
1935 832 2055 905 καὶ
2095 827 2231 907 τόν
2269 826 2683 926 ,Βήφυρονῖ

396 933 744 1008 οἰκοῦσιν
849 933 958 1002 De
989 933 1228 1002 iisdem
1260 934 1567 1003 distincte
1599 936 1962 1005 Pausanias
1988 936 2105 1019 lX.
2124 934 2262 1022 34,
2287 934 2361 1003 3.
2401 929 2633 1027 ἁγάλ-

393 1063 602 1130 ματα
664 1038 740 1121 δὲ
801 1041 879 1110 ἐν
938 1033 1143 1131 αὐτῷ
1197 1036 1524 1111 Μουσων
1587 1065 1673 1111 τε
1722 1039 1841 1111 καὶ
1900 1039 2206 1132 νυμφῶν
2273 1036 2633 1135 ἐπίκλησιν

397 1137 553 1214 ἐστὶ
605 1138 1094 1237 Λειβηθρίων.
1214 1139 1556 1224 Quoniam
1613 1141 1791 1209 enim
1847 1141 2195 1233 nymphae
2253 1141 2427 1210 deae
2485 1148 2635 1207 sunt

386 1242 651 1330 ‚ubique
684 1243 1004 1327 latenteS,
1068 1264 1353 1331 quarum
1389 1244 1563 1312 aliae
1586 1242 1850 1331 fontes,
1913 1246 2087 1315 aliae
2113 1254 2372 1313 montes
2389 1292 2410 1328 ,
2462 1242 2634 1333 aliae

395 1347 673 1414 arbores
714 1344 1055 1433 habitant,
1109 1346 1382 1423 occulto
1430 1369 1660 1415 earum
1709 1349 1981 1417 numine
2014 1348 2263 1469 corripi
2293 1347 2633 1438 putaban-

391 1456 504 1516 tur
530 1447 843 1517 homines
857 1495 880 1534 ‚
931 1450 1338 1538 quicumque
1376 1450 1688 1519 insolenti
1728 1452 1955 1541 aliquio
1996 1451 2199 1521 animi
2229 1460 2455 1534 motu,
2501 1473 2633 1523 cu·-

395 1551 499 1620 ius
538 1574 772 1622 caussa
808 1573 947 1619 non
978 1563 1385 1643 appareret,
1451 1555 1639 1645 capti
1683 1555 2100 1639 viderentur,
2170 1554 2286 1644 qui
2335 1546 2632 1646 νυμφόὲι

393 1658 655 1751 ληπτοι
684 1655 1129 1724 dicebantur:
1163 1655 1344 1726 unde
1382 1657 1585 1741 etiam
1618 1657 1898 1742 Musae,
1949 1681 2235 1747 quarum
2261 1655 2501 1725 eadem
2532 1655 2632 1725 vis

394 1765 599 1842 esset,
650 1757 1102 1850 nympharum
1148 1759 1419 1847 nomine
1456 1761 1951 1851 comprehendi
1989 1761 2314 1831 solebant.
2389 1760 2633 1849 Nuga*

392 1868 503 1927 tur
556 1859 645 1929 de
697 1860 835 1931 hac
880 1839 1336 1953 nympharum
1381 1873 1722 1954 potestate
1776 1887 1972 1934 more
2018 1886 2140 1933 sno
2181 1862 2498 1932 Hermias
2541 1859 2633 1953 ad

389 1963 567 2033 Plat-
603 1963 897 2035 Phaedr.
945 1988 1018 2056 p.
1049 1961 1172 2033 75.
1207 1962 1310 2033 87
1360 1988 1501 2055 seq.
1544 1964 1641 2033 91
1686 1991 1826 2057 seq.
1924 1966 2163 2056 ltaque
2196 1966 2385 2056 quod
2415 1965 2635 2045 Creu-

390 2088 587 2136 zerus
637 2067 1001 2153 existimat,
1090 2066 1428 2158 nymphas
1472 2067 1711 2137 Musas
1766 2093 1939 2154 esse,
1991 2068 2203 2155 unde
2265 2066 2634 2150 concludit,

392 2169 585 2258 quod
626 2171 897 2262 repetiit
938 2170 1141 2239 etiam
1185 2170 1305 2238 ad
1317 2169 1466 2255 Cic.
1508 2171 1600 2240 de
1638 2173 1722 2240 N.
1779 2172 1867 2241 D.
1893 2196 1984 2264 p.
1991 2142 2195 2242 591.
2237 2173 2306 2240 b.
2347 2170 2633 2263 Maiam,

390 2272 712 2362 quoniam
748 2272 1054 2364 nympha
1095 2273 1218 2361 sit,
1285 2274 1426 2343 esse
1471 2274 1673 2343 etiam
1714 2275 2024 2364 Musam,
2100 2274 2175 2343 id
2211 2272 2403 2343 haud
2447 2282 2633 2341 recte

393 2376 792 2446 conclusum
829 2400 971 2445 esse
991 2424 1013 2462 ,
1065 2399 1202 2445 non
1249 2398 1458 2470 opus
1471 2387 1572 2446 est
1610 2386 1687 2446 ut
1727 2375 2202 2448 demonstrem.
2305 2374 2447 2447 Sed
2495 2374 2635 2442 hu-

391 2480 687 2549 iusmodi
736 2480 1350 2550 ratiocinationibus
1407 2481 1700 2549 maxima
1744 2504 1904 2572 pars
1957 2482 2208 2551 nititur.
2231 2482 2371 2550 eius
2397 2544 2402 2549 ,
2426 2501 2634 2568 quam

393 2581 605 2670 hodie
637 2583 951 2676 plerique
980 2586 1274 2675 probant
1299 2582 1794 2677 mythologiae.
1897 2583 2080 2654 Illud
2115 2585 2186 2663 in
2212 2584 2350 2654 hac
2380 2606 2455 2653 re
2495 2604 2635 2650 non

389 2709 667 2810 possum
713 2687 974 2759 silentio
1030 2687 1599 2778 praetermittere,
1675 2711 1814 2757 non
1845 2686 2171 2758 debuisse
2221 2688 2637 2758 Creuzerum

338 2840 343 2843 -
389 2791 461 2858 in
501 2788 717 2859 doctr.
755 2792 970 2882 symb.
1004 2791 1141 2860 vol.
1181 2790 1305 2861 111.
1351 2815 1423 2883 p.
1456 2789 1629 2861 287.
1674 2815 1759 2860 ex
1804 2814 1930 2878 eo,
1980 2791 2173 2881 quod
2196 2791 2512 2882 Scaliger
2543 2788 2636 2857 ad

391 2893 673 2962 Festum
720 2893 790 2961 in
824 2917 885 2962 v.
913 2894 1394 2962 comiscmum
1424 2917 1508 2962 ex
1534 2895 1819 2985 Hygino
1851 2895 2199 2985 attulerat,
2253 2917 2344 2965 ea:
2359 2893 2541 2985 Iove
2568 2900 2638 2963 et

385 2994 683 3065 Moneta
725 2995 977 3082 Maia,
1049 2997 1330 3085 aliquod
1384 3020 1542 3066 suae
1580 2999 1946 3067 sententiae
1970 2999 2466 3073 firmamentum
2502 3018 2635 3087 pe·-

386 3109 549 3181 tere.
651 3100 846 3168 Nihil
907 3100 1085 3167 enim
1134 3100 1323 3168 aliud
1365 3100 1710 3192 Scaliger,
1776 3124 1983 3191 quam
2028 3100 2118 3171 de
2165 3102 2311 3181 sola
2348 3099 2635 3167 Moneta

270 3254 277 3259 -
387 3204 735 3296 cogitans,
785 3226 915 3296 per
955 3202 1443 3295 negligentiam
1485 3204 1714 3295 posuit
1752 3203 2049 3291 Maiam,
2087 3227 2326 3295 quum
2370 3201 2633 3287 Musas,

383 3330 552 3396 quas
573 3307 873 3375 nominat
900 3307 1254 3399 Hyginus,
1308 3307 1538 3389 dicere
1573 3307 1803 3379 vellet.
1895 3310 2014 3379 Ac
2050 3308 2316 3399 saepius
2348 3307 2466 3375 ille
2484 3353 2506 3390 ‚
2558 3313 2631 3372 ut

382 3410 505 3499 qui
544 3409 821 3477 nimium
864 3410 1110 3479 fideret
1159 3412 1561 3499 memoriae,
1625 3412 1722 3479 ita
1768 3412 2027 3482 erravit.
2143 3409 2354 3480 Aliud
2397 3429 2627 3479 exem·

379 3512 579 3605 plum
615 3512 792 3583 infra
832 3512 1297 3587 videbimus..
1339 3602 1377 3609 „
1417 3566 1424 3577 ·
1530 3552 1537 3569 ·

587 3719 923 3791 Revertor
956 3719 1048 3788 ad
1076 3719 1594 3811 Epicharmum,
1646 3719 1739 3787 de
1778 3718 1963 3788 cuius
1988 3715 2203 3803 Musis
2241 3738 2415 3805 quae
2441 3722 2629 3782 mota

385 3830 529 3892 erat
554 3820 888 3893 dubitatio
906 3873 927 3910 ,
976 3833 1241 3892 tantum
1275 3825 1498 3908 abest,
1547 3829 1625 3890 ut
1651 3820 1758 3890 his
1777 3869 1799 3907 ,
1850 3822 2024 3910 quae
2056 3818 2284 3911 modo·
2318 3819 2624 3909 disputa-

382 3927 598 3994 vimus
614 3974 635 4011 ,
685 3928 950 3996 sublata
996 3928 1080 3995 sit
1095 3976 1117 4013 ,
1167 3936 1244 3995 ut
1275 3926 1492 4016 magis
1526 3933 1722 3995 aucta
1767 3946 1905 3992 esse
1931 3922 2256 4007 videatur.
2360 3924 2538 3991 Nam
2572 3922 2628 3991 si

381 4029 543 4112 ille,
570 4029 782 4117 -quod
810 4030 1120 4113 nomina,
1173 4052 1350 4119 quae
1378 4027 1641 4119 posuit,
1699 4027 1998 4118 prodere
2030 4026 2376 4112 videntur,
2425 4048 2620 4116 nym-

382 4130 563 4223 phas
603 4132 956 4202 fluviatiles
998 4133 1228 4205 dicere
1271 4130 1521 4215 voluit,
1601 4149 1742 4197 non
1792 4132 2015 4220 potuit
2056 4153 2184 4199 eas·
2210 4130 2443 4199 Musas
2496 4150 2622 4196 vo-

386 4255 578 4304 caret
662 4235 822 4324 quia
871 4234 1114 4303 Musae
1170 4234 1453 4325 quidem
1509 4232 1858 4324 nymphae
1872 4280 1894 4320 ,
1972 4256 2111 4303 uon
2153 4242 2381 4303 autem
2418 4233 2622 4299 etiam

380 4336 729 4430 nymphae
753 4336 997 4405 Musae
1023 4346 1191 4407 sunt.
1293 4337 1435 4421 Sin,
1486 4335 2069 4424 quemadmodum
2108 4361 2223 4407 eas
2256 4334 2624 4405 nominavit

383 4439 648 4528 Musas,
716 4441 917 4512 etiam
958 4440 1246 4536 intelligi
1290 4439 1526 4513 Musas
1573 4439 1826 4529 voluit,
1906 4422 2269 4521 absurdum
2316 4437 2623 4506 viaeatur
