3325 5317
445 492 549 552 m:
579 490 834 554 mem.
862 481 1661 567 vavsnsvn‘rmoa.
1705 437 2096 555 sEmoNis
2118 491 2515 556 nomnium.
2566 494 2651 559 ιο
2691 456 2704 471 ’

320 687 323 690 ’
407 662 817 733 Thierschio
834 712 856 750 ,
918 664 1066 731 viro
1113 666 1507 756 praestantis
1546 664 1832 757 ingenii,
1898 664 2204 754 mihique
2253 666 2468 735 veteri
2524 689 2652 736 ne·—

408 766 808 837 eessitudine
850 768 1404 836 coniunctissimo.
1508 767 1736 852 Quem
1779 792 1989 858 quum
2027 768 2330 838 viderem
2371 771 2442 837 in
2487 770 2652 840 actis

405 870 923 962 philologorum
962 870 1474 939 Monacensium
1522 870 1615 939 de
1673 873 2038 941 verborum
2072 872 2326 958 modis,
2405 873 2651 962 quibus

410 973 594 1065 apud
633 974 1012 1042 Homerum
1058 983 1369 1064 tempora
1413 983 1482 1041 et
1526 996 1797 1042 canuae
1839 998 2064 1043 rerum
2095 975 2510 1061 indicantur,
2561 976 2654 1043 ita

410 1076 783 1168 disputasse
799 1124 819 1164 ,
872 1086 947 1144 ut
963 1125 984 1161 ,
1037 1076 1340 1165 quamvis
1382 1077 1595 1145 multa
1642 1088 1840 1145 acute
1883 1080 2273 1163 dissereret,
2326 1089 2555 1146 tamen
2585 1079 2656 1145 in

407 1181 518 1264 iis,
572 1202 749 1269 quae
790 1180 980 1268 quasi
1007 1180 1444 1248 fundamenta
1481 1190 1631 1248 sunt
1661 1180 1861 1249 huius
1904 1183 2303 1272 quaestionis
2320 1231 2340 1268 ,
2391 1207 2432 1250 a
2465 1203 2653 1267 vero,

410 1292 487 1352 ut
527 1304 664 1376 ego
706 1283 985 1373 quidem
1025 1284 1342 1368 arbitror,
1395 1283 1702 1351 nonnihil
1748 1288 2127 1355 recederet:
2177 1308 2316 1353 non
2361 1285 2654 1353 alienum

410 1409 552 1454 esse
609 1410 652 1453 a
692 1409 971 1454 munere
1011 1408 1166 1455 meo
1207 1386 1607 1470 existimavi,
1653 1413 1657 1420 ’
1696 1411 1978 1457 monere
2017 1390 2125 1456 vel
2170 1388 2655 1468 adolescentes,

410 1489 528 1579 qui
561 1490 819 1558 litteras
862 1490 1161 1559 Graecas
1211 1493 1585 1559 accuratius
1640 1512 2058 1582 cognoscere
2113 1504 2475 1582 cuperent,
2541 1492 2656 1559 vel

412 1593 580 1661 alios
641 1593 875 1677 etiam,
944 1595 1063 1681 qui
1116 1593 1207 1660 ad
1258 1592 1750 1662 assentiendum
1804 1595 2155 1686 proniores
2217 1604 2463 1678 essent,
2543 1616 2653 1679 ne,

409 1704 631 1763 tantae
681 1693 1096 1765 difficultatis
1147 1697 1605 1785 quaestionem
1659 1719 1792 1788 pro
1845 1721 1922 1766 re
1961 1698 2257 1767 indicata
2305 1697 2652 1781 habenteS,
2773 1736 2796 1748 —

410 1801 782 1866 orationem
822 1801 1107 1890 poetae,
1155 1823 1375 1890 nuper
1421 1800 1658 1868 eximia
1706 1800 1940 1868 wolfii
1984 1801 2283 1869 sollertia
2326 1824 2367 1868 a
2406 1800 2705 1891 pleds-4

411 1925 542 1991 que
594 1902 903 1968 sordibus
939 1912 1305 1994 purgatam
1323 1955 1343 1992 ,
1391 1902 1938 1984 inconsideratius
1984 1904 2417 1973 sollicitatum
2461 1905 2655 1971 irent.

410 2005 690 2073 Faciam
748 2016 971 2072 autem
1016 2005 1158 2075 hoc
1199 2007 1293 2074 sic
1312 2054 1332 2089 ,
1412 2017 1518 2093 ut,
1601 2008 1920 2095 quoniam
1971 2017 2105 2075 tres
2160 2008 2309 2075 illas
2359 2006 2657 2099 regulas,

411 2131 576 2197 quas
608 2107 1055 2178 Thierschius
1082 2108 1471 2199 proposuit,
1524 2123 1746 2199 neque
1784 2111 2149 2202 explicatas
2182 2111 2270 2178 ab
2317 2133 2403 2178 eo
2430 2110 2656 2194 video,

410 2234 630 2300 neque
659 2212 747 2279 ab
779 2214 962 2278 omni
992 2221 1188 2302 parte
1216 2235 1405 2280 veras
1447 2236 1588 2281 esse
1637 2223 1813 2303 puto
1831 2259 1851 2299 ,
1903 2214 2127 2304 primo
2156 2235 2429 2281 omnem
2469 2213 2660 2282 illam

414 2316 743 2382 rationem
783 2313 1352 2384 constructionum
1392 2318 1872 2407 temporalium
1916 2318 1986 2384 in
2039 2326 2266 2409 partes
2327 2307 2658 2406 quasdam

416 2416 830 2503 describam,
882 2418 1134 2487 deinde
1183 2430 1410 2487 autem
1456 2419 1545 2488 de
1588 2419 1869 2510 sing-ulis
1929 2422 2231 2509 partibus
2249 2467 2270 2503 ,
2336 2421 2660 2507 quantum

415 2521 690 2610 quidem
730 2521 798 2588 in
845 2520 981 2591 hac
1033 2521 1469 2612 scriptionum
1513 2522 2082 2590 Academicarum
2111 2516 2441 2589 brevitate
2478 2521 2660 2606 licet,

418 2623 640 2694 dicam
669 2625 1060 2715 explicatius
1077 2672 1100 2708 ,
1147 2647 1285 2692 non
1315 2646 1454 2713 quo
1487 2643 1664 2693 nova
1696 2624 2049 2716 proferam
2065 2673 2086 2711 ,
2138 2624 2261 2692 sed
2294 2634 2365 2691 ut
2391 2625 2660 2710 faciam,

413 2737 573 2795 nota
614 2750 703 2794 ne
749 2728 935 2795 novis
979 2729 1435 2797 obscurentur.

615 2832 726 2899 Ac
792 2832 1089 2924 primum
1160 2831 1445 2921 quidem
1493 2827 1862 2899 tenendum
1915 2840 2049 2915 est,
2117 2830 2661 2915 constructiones,

414 2935 654 3023 quibus
695 2942 1009 3024 tempora
1041 2943 1384 3019 notantur,
1435 2955 1572 3000 non
1599 2935 1745 3001 aliis
1781 2931 2103 3001 contineri
2128 2932 2403 3023 reguliS,
2455 2954 2663 3021 quam

271 3056 283 3068 ·
412 3038 561 3105 illas
608 3038 1135 3108 constructiones
1150 3086 1171 3123 ,
1234 3059 1411 3126 quae
1456 3038 1703 3105 caussis
1749 3036 1862 3103 vel
1911 3036 2158 3103 finibus
2206 3036 2663 3126 significandis

413 3140 788 3208 inserviunt.
865 3201 871 3208 .
914 3131 1023 3208 ld'
1065 3142 1275 3224 enim,
1343 3163 1426 3208 ex
1459 3161 1599 3229 quo
1636 3139 2150 3209 constructionis
2185 3139 2358 3205 ratio
2384 3139 2662 3229 pendet,

416 3265 773 3312 commune
817 3243 1110 3312 habentt
1187 3242 1645 3314 conditionem
1703 3243 1881 3310 dico.
2001 3243 2124 3310 Est
2173 3251 2400 3310 autem
2450 3241 2664 3309 omnis

419 3347 719 3416 conditio
765 3348 954 3433 talis,
1004 3355 1083 3417 ut
1122 3357 1238 3417 aut
1279 3369 1436 3415 vere
1476 3370 1619 3415 esse
1675 3344 1935 3435 aliquid
1973 3346 2086 3413 vel
2133 3367 2271 3412 non
2317 3369 2459 3413 esse
2473 3390 2497 3431 ,
2547 3353 2666 3413 aut

415 3472 614 3541 posse
648 3474 800 3519 esse
838 3450 1117 3521 dicatur.
1265 3451 1429 3519 Hoc
1490 3460 1911 3541 postremum
1955 3471 2178 3516 rursus
2228 3447 2488 3539 duplex
2534 3458 2664 3515 est.

417 3577 573 3632 nam
617 3577 794 3642 qnae
838 3564 1115 3645 possunt
1154 3577 1337 3638 esse,
1406 3577 1524 3637 ea,
1590 3554 1645 3620 si
1684 3552 2267 3644 philosophorum
2314 3573 2507 3618 more
2553 3551 2666 3618 lo-‚

418 3659 537 3746 qui
611 3659 775 3727 licet
791 3704 812 3743 ,
881 3667 1016 3725 aut
1051 3658 1385 3725 obiective
1426 3657 1779 3747 possibilia
1830 3667 2011 3740 sunt,
2098 3663 2212 3721 aut
2277 3654 2665 3739 subiective,

419 3760 462 3827 i.
509 3782 566 3827 e.
618 3771 693 3828 ut
738 3761 829 3828 ad
875 3783 1301 3830 communem
1352 3770 1628 3852 captum
1669 3761 1876 3829 verba
1934 3757 2486 3848 accommodem,
2553 3768 2664 3825 aut

419 3884 543 3931 nos
572 3866 911 3932 nescimus
929 3875 1156 3933 utrum
1185 3865 1344 3948 sint,
1396 3869 1642 3946 necne,
1694 3863 1989 3950 ideoque
2020 3860 2408 3929 dubitanter
2436 3861 2656 3950 loqui

418 3988 609 4050 mur,
659 3990 870 4056 quum
896 3968 1017 4036 illa
1047 3977 1273 4037 tamen
1301 3991 1377 4035 re
1419 3991 1577 4035 vera
1604 3967 1719 4033 vel
1771 3966 1932 4050 sint,
1982 3965 2093 4033 vel
2119 3983 2268 4031 non
2316 3964 2476 4047 sint3
2527 3975 2662 4050 aut,

415 4079 640 4138 utrum
700 4072 827 4138 sint
879 4093 1128 4157 necne,
1205 4094 1349 4139 non
1412 4070 1832 4160 quaerimus,
1929 4068 2051 4137 sed
2120 4066 2440 4159 fingimus
2501 4091 2666 4151 esse,

418 4172 618 4240 etiam
679 4174 736 4240 si
785 4193 923 4242 non
968 4176 1128 4260 sint,
1189 4175 1301 4244 vel
1344 4196 1480 4243 non
1521 4196 1661 4241 esse
1679 4222 1700 4258 ,
1767 4173 1970 4241 etiam
2014 4171 2069 4239 si
2120 4172 2267 4238 sint.
2369 4171 2498 4239 His
2557 4195 2657 4238 ra·

418 4275 712 4344 tionibus
764 4277 1142 4347 indicandis
1187 4278 1435 4346 inventi
1492 4286 1644 4344 sunt
1692 4276 1924 4361 modi,
1983 4274 2378 4345 indicativus
2395 4320 2417 4358 ,
2498 4296 2661 4342 con-

373 4378 780 4468 .‘iunctivuS,
833 4381 1188 4472 optativus.
1293 4384 1402 4455 Εἰ
1447 4373 1872 4477 γενήσεται,
1926 4380 1981 4448 si
2023 4381 2186 4464 erit,
2239 4376 2431 4466 quod
2476 4377 2661 4447 futu-

412 4504 570 4551 rum
611 4493 746 4565 est3
798 4487 869 4558 εἰ
907 4487 1240 4583 γένηται,
1306 4485 1363 4551 si-
1417 4483 1650 4570 fuerit,
1724 4482 1914 4573 quod
1971 4505 2057 4550 an
2115 4491 2506 4550 eventurum
2567 4484 2671 4569 sit,
