3325 5317
1134 455 1786 521 nlssERTA'rm.
1912 555 1917 561 ι
2060 493 2065 500 ‹
2244 466 2253 510 ss
2448 455 2586 525 '185

339 580 528 728 ipsae
567 653 845 725 quoque
885 632 1366 726 congelantur,
1436 626 1628 726 Νίκη
1644 679 1679 726 ,
1733 627 2036 700 Victoria
2051 677 2074 716 ,
2134 628 2326 721 quod
2360 629 2583 700 victae

335 739 599 831 frigore
629 744 838 817 stant3
886 730 1211 833 Κράτος,
1259 734 1527 820 Robur,
1578 757 1622 800 a
1652 732 1932 817 duritie3
1981 731 2183 833 Βίη,
2196 733 2340 818 Vis,
2389 732 2581 822 qnod

333 841 691 1016 garziffiss
771 838 1107 931 quidquid
1160 840 1234 909 in
1297 861 1410 909 eas
1462 836 1746 906 illiditur
1759 885 1799 924 ,„
1849 839 1960 906 vel
2015 839 2091 906 in
2149 833 2342 929 quod
2389 837 2582 930 ipsae

540 1075 813 1148 Dehinc
848 1070 1125 1177 Φοίβης
1137 1131 1167 1167 ,
1219 1075 1564 1163 Febmae,
1618 1084 1702 1146 et
1714 1074 1994 1165 Κοίου,
2014 1076 2361 1164 Turhuli‚
2414 1098 2584 1148 con-

331 1181 597 1275 iugium
629 1179 1025 1272 explicatur.
1128 1180 1234 1249 Hi
1240 1223 1262 1267 ,
1314 1179 1634 1269 quoniam
1658 1179 2030 1272 purgandis
2065 1181 2349 1250 turbidis
2382 1179 2585 1250 bruta

335 1296 402 1355 et
428 1283 673 1354 inertia
699 1285 789 1352 ab
821 1284 1260 1376 agitabilibus
1288 1293 1356 1353 et
1390 1284 1702 1353 vitalibus
1736 1292 2202 1376 segregantur,
2253 1285 2586 1354 residente

334 1388 659 1459 'crassiore
703 1389 983 1458 materia
996 1437 1019 1475 ‚
1084 1395 1559 1479 supernatante
1615 1396 1841 1457 autem
1899 1386 2249 1458 subtiliore
2263 1436 2283 1471 ‚
2361 1380 2587 1485 Δητω

337 1494 655 1563 dicuntur
701 1512 1131 1582 procreasse,
1201 1490 1575 1583 Sopitiam,
1654 1499 1724 1559 et
1759 1486 2190 1587 Ἀστερίην,
2241 1492 2585 1561 Actutam.

332 1597 464 1666 Est
496 1603 727 1665 autem
754 1588 988 1692 Λητω
1023 1619 1064 1662 a
1105 1595 1319 1663 verbo
1354 1587 1557 1668 λάειν
1586 1601 1863 1679 vocata,
1916 1594 2106 1683 quod
2134 1594 2586 1665 convolvendi

336 1698 938 1792 conglobandique
1005 1697 1566 1791 significationem
1636 1696 1903 1767 videtur
1969 1693 2318 1785 habuisse,
2402 1696 2586 1765 unde
2638 1693 2645 1700 '

334 1802 503 1883 λᾶς,
557 1795 773 1891 λαός,
828 1796 1128 1900 kiesut,
1195 1801 1264 1869 et
1327 1801 1478 1869 alia.
1580 1794 1928 1897 Ἀστερίη
1983 1810 2211 1870 autem
2270 1799 2586 1870 eamdem

332 1904 551 1974 habet
606 1906 939 1998 originem
957 1954 979 1991 ,
1071 1927 1275 1998 quam
1338 1926 1545 1994 supra
1627 1904 1702 1971 in
1769 1905 2055 1973 Astraeo
2130 1904 2585 1975 indicavimus.

338 2001 582 2098 ltaque
614 2001 848 2105 Λητω
880 2008 1178 2098 quietem
1205 2014 1427 2075 notat.
1479 2005 1664 2074 unde
1694 2001 2208 2099 κυανόπεπλος,
2262 2018 2330 2076 ει
2365 2008 2592 2076 omni-

334 2115 461 2182 bus
511 2122 709 2203 grata
765 2132 846 2180 ac
888 2112 1104 2180 suavis
1150 2109 1429 2191 dicitur;
1493 2104 1840 2205 Ἀστερίη
1889 2118 2115 2178 autem
2164 2120 2298 2195 est,
2381 2135 2588 2201 quam

335 2215 593 2285 Graeci
627 2214 994 2310 ἐνέργειαν
1025 2214 1414 2348 appellant,
1466 2212 1578 2282 cui
1607 2212 1709 2280 rei
1732 2212 1959 2281 Latini
1988 2234 2126 2291 non
2151 2213 2408 2282 habent
2432 2216 2588 2283 satis

331 2327 587 2413 aptum
608 2336 878 2396 nomen.

546 2451 750 2523 I-Bnc
780 2449 1072 2523 dicitur
1052 2476 1122 2523 ιιι
1152 2454 1455 2545 amplam
1482 2451 1766 2522 domum
1810 2476 1999 2521 suam
2031 2454 2357 2576 Πέρσης,
2407 2446 2591 2523 Tra-

332 2580 562 2644 meus,
628 2554 1022 2645 deduxisse,
1090 2582 1176 2628 ex
1240 2581 1456 2647 eaque
1501 2556 1871 2647 suscepisse
1926 2550 2286 2653 Ἑκάτην,
2367 2557 2594 2626 Volu-

335 2662 589 2760 mniam
607 2706 629 2745 ,
700 2661 887 2728 cuius
932 2684 1182 2731 nomen
1232 2662 1400 2751 quid
1447 2660 1786 2753 significet
1803 2707 1826 2745 ,
1893 2683 1979 2729 ex
2020 2661 2239 2728 verbis
2296 2653 2474 2734 sumu
2524 2670 2593 2748 et

338 2772 537 2863 ἕκητι
585 2763 1036 2855 cognoscitur.
1139 2765 1308 2835 Eius
1362 2765 1641 2833 fabulae
1684 2760 1866 2833 haec
1921 2764 2243 2833 sententia
2295 2773 2427 2850 est,
2509 2787 2592 2834 ex

335 2867 593 2962 agendi
622 2867 845 2935 studio
889 2869 1327 2959 sollertiaque
1345 2917 1368 2954 ,
1419 2853 1887 2937 addicentibus
1928 2866 2135 2959 signis
2176 2868 2592 2955 caelestibus,

292 2975 298 2982 ’
337 2993 747 3063 prosperum
774 2982 1088 3040 eventum
1114 2971 1416 3064 prodire.
1519 2972 1699 3039 Nam
1726 2971 2028 3056 Hecate,
2081 2972 2265 3040 cuius
2291 2972 2592 3064 plurima

336 3073 680 3144 Hesiodus
723 3074 957 3145 officia
984 3065 1363 3161 enumerat,
1414 3074 1557 3145 hoc
1584 3083 1785 3144 nacta
1825 3083 1923 3143 est
1952 3097 2191 3144 munus
2212 3123 2234 3160 ,
2292 3084 2366 3143 ut
2398 3076 2590 3161 nihil,

337 3178 462 3246 nisi
500 3177 709 3270 ipsius
764 3179 1093 3271 permissu
1108 3227 1129 3265 ,
1180 3188 1365 3248 recte
1404 3179 1556 3271 geri
1598 3171 1855 3268 possit!
1932 3177 2129 3263 Quae
2179 3201 2303 3249 cur
2355 3179 2594 3249 trifor-

211 3295 222 3304 ·
336 3282 500 3367 mis,
571 3303 693 3350 cur
746 3284 1096 3358 triviorum
1142 3304 1415 3374 praeses
1431 3331 1453 3369 ,
1522 3305 1655 3369 cur
1683 3303 1841 3351 cum
1881 3279 2104 3349 Diana
2150 3282 2465 3368 confusa,
2525 3292 2596 3351 ει

336 3408 518 3478 quae
566 3392 718 3452 sunt
759 3386 895 3455 alia
941 3385 1333 3458 huiusmodi
1349 3434 1371 3473 ,
1438 3409 1577 3456 ιιοιι
1630 3393 1731 3457 est
1785 3383 1986 3456 huius
2038 3385 2178 3459 loci
2220 3384 2590 3457 accuratius
2692 3439 2697 3442 .

340 3510 705 3581 exponere.
752 3577 758 3582 θ

550 3623 942 3715 Sequuntur
992 3622 1202 3702 Ῥεία
1219 3682 1249 3718 ,
1324 3625 1655 3713 Fluonia,
1734 3633 1804 3696 et
1852 3618 2186 3723 Κρόνος,
2264 3623 2591 3694 Perficus.

338 3730 519 3799 Nam
548 3729 792 3821 perfici
815 3729 987 3800 nihil
1009 3737 1236 3821 potest
1251 3778 1273 3816 ,
1322 3731 1514 3820 quod
1545 3752 1685 3824 non
1733 3729 1989 3798 fluxum
2033 3738 2100 3796 et
2136 3728 2463 3797 mutabile
2488 3729 2591 3795 sit.

254 3897 260 3905 .
341 3834 471 3902 His
508 3821 901 3925 parentibus
933 3843 1162 3903 creata
1204 3856 1429 3903 rerum
1469 3817 1749 3903 naturae
1794 3831 2131 3925 perfectio
2166 3811 2378 3901 tribus
2413 3832 2595 3899 filia-

341 3936 468 4005 bus
485 3983 507 4022 ,
594 3937 1017 4027 totidemque
1073 3937 1231 4005 filiis
1265 3937 1753 4029 significatur„
1831 3934 2050 4003 Filiae
2106 3936 2284 4004 vitae
2335 3937 2593 4005 cultum

345 4061 503 4109 eum
523 4088 546 4127 ,
596 4040 718 4130 qui
743 4042 1033 4110 maxime
1079 4043 1489 4110 necessarius
1521 4050 1652 4134 est3
1703 4038 1828 4107 filii
1855 4039 2104 4129 spatia,
2156 4061 2332 4129 quae
2359 4039 2592 4108 sedem
2643 4099 2647 4103 ,

342 4141 702 4214 hominum
749 4153 998 4213 terram
1043 4144 1501 4231 circumdant,
1569 4165 1941 4231 eorumque
1999 4143 2377 4233 'spatiorum
2422 4165 2593 4235 pro-

343 4247 529 4338 prias
583 4248 1004 4318 conditiones
1060 4247 1432 4340 designant.
1567 4245 1874 4315 Maxima
1928 4257 2108 4317 natu
2178 4256 2280 4316 est
2339 4244 2592 4363 Ἱστίη,

344 4351 558 4420 Vesta
595 4353 737 4420 sive
784 4350 973 4420 Stata
1016 4357 1267 4434 mater,
1320 4373 1496 4448 quae
1544 4348 1790 4426 domus
1834 4356 1934 4419 est
1982 4358 2049 4418 et
2093 4350 2321 4435 focus,
2374 4346 2587 4416 omnis
2600 4354 2684 4420 17

347 4452 631 4527 humani
661 4454 879 4526 cultus
914 4452 1341 4549 principium.
1442 4453 1645 4526 Hanc
1683 4452 1981 4546 sequitur
2004 4446 2399 4552 Δημήτηρ,
2450 4450 2593 4520 La·-¹
