3325 5317
1155 482 1810 568 mssnnu'rlo.
2443 488 2577 553 218

350 655 654 724 filiorum
682 654 1048 746 LatipotiS‚
1099 656 1245 749 ipse
1273 665 1499 728 autem
1532 657 1601 726 in
1635 653 1806 749 fuga
1844 659 2065 728 fracto
2106 676 2307 727 curru
2340 658 2412 727 in
2444 681 2572 738 ruf

346 759 554 850 pibus
592 759 1105 855 Σκειρωνίσιν,
1154 761 1572 852 AsperoniiS,
1623 761 1715 828 ab
1746 760 2017 857 ’Ῑλλῳ,
2068 762 2415 851 Aquario,
2455 764 2574 832 in·-

344 862 670 930 terfectus
717 871 833 929 est.
933 863 1103 930 Inde
1144 864 1512 955 Poplicluti
1563 866 1929 955 progenies
1980 873 2187 933 totam
2225 843 2574 956 Pelopon-

345 988 589 1036 nesum
651 965 836 1055 cepit
851 1013 871 1049 ,
958 965 1078 1033 sed
1130 967 1332 1036 sterili
1399 989 1572 1035 anno
1629 967 1999 1052 incidente,
2075 978 2313 1037 coacta
2368 978 2465 1038 est
2505 967 2578 1036 in

344 1067 845 1163 Μαραθῶνα,
916 1068 1307 1155 Tabenam,
1371 1093 1442 1137 se
1469 1068 1817 1160 recipere:
1896 1065 2413 1166 ἸἎηπόλεμος,«
2452 1084 2576 1140 auss-

343 1180 512 1254 tem,
563 1170 1011 1254 Perduellius,
1062 1195 1267 1261 quum
1299 1172 1688 1264 imprudens
1713 1172 2295 1242 Subolescentium
2322 1171 2392 1241 in
2412 1173 2574 1265 -ipsa

343 1273 584 1343 adhuc
615 1265 1093 1362 Peloponneso
1120 1276 1509 1360 occidisset,
1574 1276 1772 1360 exsul·
1802 1275 1964 1343 abiit
1985 1271 2250 1348 Ῥόδον
2263 1329 2291 1364 ,
2342 1275 2574 1345 Tene*¹⁴

343 1378 538 1445 riam.
640 1376 696 1443 Ι.
745 1399 804 1444 e.
848 1397 931 1445 ex
970 1376 1078 1445 his
1092 1427 1112 1463 ,
1165 1380 1282 1468 qui
1332 1378 1643 1446 diuturna
1682 1378 1802 1445 illa
1842 1378 2270 1468 expeditione
2317 1380 2575 1449 exerci-

342 1480 468 1548 tati
524 1478 616 1545 ad
675 1501 829 1547 suos
886 1480 1222 1549 redierant
1238 1531 1260 1570 ‚
1343 1482 1663 1549 exstitisse
1716 1482 2123 1574 fortissimos
2168 1482 2343 1550 viros
2358 1530 2379 1566 ‚
2456 1482 2575 1571 qui

343 1582 563 1673 longe
607 1580 879 1672 lateque
920 1585 1184 1675 vagati,
1235 1584 1540 1676 plurima
1558 1586 1844 1676 egregia
1872 1584 2174 1653 facinora
2200 1584 2570 1672 ediderunt.

343 1685 618 1753 Horum
658 1686 942 1776 posteri,
1009 1690 1251 1776 quibus
1290 1688 1529 1756 infensi
1575 1696 1764 1755 erant
1789 1687 1888 1754 illi
1904 1735 1926 1773 ,
1975 1689 2094 1776 qui
2141 1710 2256 1757 eos
2286 1690 2574 1778 expule-

337 1796 531 1875 rant,
599 1789 1050 1882 confugerunt
1093 1793 1165 1859 in
1207 1792 1399 1861 locos
1435 1791 1709 1860 saltibus
1752 1812 2025 1881 asperos
2041 1839 2063 1876 ,
2131 1799 2199 1858 et
2233 1788 2663 1858 latitarunt2⁰

317 1891 446 1960 ibi
488 1892 902 1980 aliquamdiu
956 1894 1095 1962 sine
1152 1895 1522 1963 vexatione.
1638 1892 1783 1962 Sed
1834 1916 2043 1982 quum
2099 1916 2171 1961 se
2230 1916 2368 1961 uon
2425 1887 2574 1962 am·-
2656 1947 2663 1956 .

338 1996 528 2086 plius
559 2003 734 2065 tutos
761 2006 1073 2087 putarent
1089 2044 1110 2081 ,
1158 1996 1304 2074 huc
1335 1997 1501 2064 illuc
1543 1997 1709 2082 acti,
1741 1997 2094 2087 'compulsi
2123 2005 2274 2064 sunt
2309 1998 2381 2064 in
2418 1998 2577 2068 loca

340 2098 625 2183 sterilia,
692 2101 812 2167 ubi
852 2101 1209 2190 impetrata
1254 2101 1625 2169 incolarum
1669 2097 2122 2167 misericordia
2169 2098 2577 2187 auxilioque,

340 2201 489 2272 loci
528 2208 762 2269 natura
803 2203 1104 2286 iuvante,
1177 2202 1298 2290 qui
1340 2200 1594 2270 alendis
1632 2200 1938 2270 hostibus
1979 2222 2117 2268 non
2170 2201 2574 2285 sufficiebat,

339 2304 649 2373 vicerunt
705 2327 820 2373 eos
834 2354 854 2390 ,
935 2314 1002 2373 et
1057 2307 1305 2394 partim
1357 2304 1528 2374 mari
1578 2312 1965 2371 merserunt.
2080 2302 2283 2371 Vnde
2327 2304 2574 2373 reversi

338 2415 683 2476 vastarunt
725 2407 1270 2499 Peloponnesum
1287 2456 1308 2493 ,
1403 2407 1524 2476 sed
1581 2405 1767 2475 idem
1825 2406 1959 2496 ipsi
2013 2406 2192 2496 passi
2244 2415 2427 2491 sunt,
2498 2414 2575 2474 ut

338 2512 557 2580 victus
596 2510 829 2604 inopia
844 2558 865 2596 ,
895 2557 900 2564 ι
929 2502 1299 2600 amissaque
1336 2511 1406 2578 in
1442 2509 1718 2602 proeliis
1759 2508 2047 2576 maxima
2102 2516 2297 2600 parte
2336 2510 2574 2578 iuven-

338 2613 500 2682 tutis
517 2662 539 2700 ,
617 2615 787 2682 mari
849 2637 921 2682 se
994 2615 1446 2702 committere,
1546 2621 1751 2703 atque
1821 2612 2276 2681 amoeniorem
2340 2611 2574 2682 sedem

342 2738 671 2806 quaerere
719 2729 1142 2811 cogerentur.
2342 2711 2345 2718 ’

548 2922 689 2991 Alii
730 2929 1092 3014 postrema,
1114 2923 1307 2991 aliter
1356 2927 1658 3006 narrant,
1726 2928 1803 2989 ut
1856 2919 2198 2990 Diodorus
2266 2918 2386 2988 IV.
2446 2911 2601 2986 58.¹
3274 2929 3275 2962 ¹

343 3033 749 3095 revertentes
808 3026 993 3114 duce.
1044 3027 1345 3116 Aquario
1360 3074 1381 3112 ,
1459 3047 1669 3114 quum
1713 3025 1782 3092 in
1826 3024 2085 3093 Isthmo
2109 3109 2119 3123 .
2140 3023 2406 3091 hostem
2460 3022 2570 3089 in·-

344 3129 701 3217 venissent,
770 3130 1089 3221 pactione
1143 3129 1322 3201 facta
1335 3176 1356 3214 ,
1426 3128 1596 3197 duos
1656 3150 1787 3219 pro
1853 3127 2166 3197 universis
2217 3125 2570 3194 dimicasse

342 3231 717 3322 Aquarium
772 3245 839 3302 et
890 3233 1278 3303 Cohibuum
1298 3282 1318 3318 ,
1380 3233 1542 3321 ‹qui
1577 3229 1894 3322 ”Εχεμος
1965 3231 2236 3300 Graece
2295 3229 2571 3300 dicitur:

344 3352 681 3426 caesoque
716 3337 1017 3426 Aquario
1032 3386 1053 3423 ,
1113 3359 1201 3405 ex
1224 3342 1432 3427 pacto
1459 3336 1805 3406 recessisse
1836 3334 2013 3408 illos.
2116 3332 2323 3419 Quod
2366 3354 2571 3421 aper-‘-

319 3433 487 3508 'tum
519 3448 617 3507 est
644 3441 1053 3532 significare,
1103 3441 1173 3508 in
1202 3439 1462 3509 Isthmo
1509 3438 1787 3507 navibus
1832 3439 2151 3507 advectos
2172 3434 2573 3527 “prohibitos

346 3565 489 3612 esse
543 3543 1009 3613 'escensionem
1061 3543 1307 3612 facere.
1424 3539 1572 3613 Sed
1626 3541 1837 3608 redeo
1905 3540 2003 3609 ad·
2040 3538 2567 3628 Apollodorum,

343 3668 484 3735 quo
534 3656 807 3726 auctore
859 3656 1189 3738 superstes
1207 3646 1470 3722 .mansit
1513 3644 1845 3733 Aquarius
1861 3692 1883 3729 ,
1921 3642 2065 3732 ·qui
2105 3660 2319 3729 quum·
2350 3659 2569 3707 uxore

343 3747 553 3819 ducta
586 3744 813 3847 Ἰόλῃ,
866 3748 1172 3841 Copiana
1191 3794 1212 3833 ,
1259 3749 1460 3817 tertio
1490 3769 1664 3815 anno
1687 3795 1707 3831 ,
1766 3747 1924 3836 quia
1963 3754 2266 3835 segetem
2303 3742 2569 3810 tertiam

342 3854 715 3943 exspectari
757 3856 1099 3924 oraculum
1141 3854 1450 3937 iusserat,
1501 3851 1792 3918 reditum
1833 3855 2176 3936 tentasset,
2242 3871 2285 3914 a
2332 3848 2567 3918 Τισα-

339 3957 535 4050 μένῳ
549 4009 579 4044 ,
646 3956 997 4042 Vindicio,
1059 3954 1456 4054 Ὀρέστου,
1522 3954 1744 4023 Exciti
1785 3953 1834 4020 f.
1874 3951 2193 4036 vincitur,
2255 3951 2456 4020 caesko
2497 3949 2571 4016 in

339 4080 580 4150 pugna
622 4053 1140 4155 Ἀριστομάχῳ
1161 4108 1181 4145 ,
1242 4058 1739 4131 Fortissimano.
1856 4056 2107 4123 Iterum
2158 4053 2405 4123 eodem
2446 4076 2566 4122 ac-

342 4171 566 4253 cepto·
589 4164 867 4231 oraculo
883 4211 904 4248 ,
963 4157 1320 4258 Τήμενος,
1371 4160 1811 4245 ImmansiuS,
1843 4158 2124 4228 edoctus
2145 4156 2409 4226 tertiam
2435 4178 2566 4247 ge·-

340 4266 753 4335 nerationem
795 4266 1216 4359 significari,
1252 4266 1323 4331 in
1365 4261 1766 4360 Λοκρίδος,
1841 4261 2148 4347 Calviae,
2210 4270 2407 4352 parte
2446 4259 2565 4342 Tea,-
2623 4301 2627 4306 -

341 4392 520 4458 quae
555 4363 999 4450 Ναύπακτος
1018 4419 1040 4458 ,
1090 4368 1420 4452 Navalia,¹
1458 4367 1641 4436 dicta
1687 4375 1817 4452 est,
1856 4367 2145 4435 classem
2181 4363 2563 4432 fabricatur-4

345 4472 452 4540 lbi
474 4481 742 4541 mortuo
780 4470 1319 4570 Ἀριστοδήμῳ,
1371 4471 1766 4564 optumatio
1781 4468 1823 4558 ,⁸
1852 4469 2071 4541 relicti
2105 4468 2228 4537 filii
2258 4488 2341 4535 ex
2371 4460 2565 4562 ·’Ap.·.
