3325 5317
1167 422 1819 547 messurum
1873 435 1915 532 ι’.
2522 473 2658 553 ,m

423 640 821 741 Μέγαιρα,
871 638 993 715 nal
1030 637 1408 742 Τισιφόνη.
1510 643 1724 730 Quod
1757 641 1835 712 hi
1861 642 1932 712 in
1958 640 2294 734 Aeschyli
2330 642 2657 714 Eumeni-

291 804 296 809 .
422 745 625 815 dibus
670 746 929 819 dictum
975 767 1120 814 esse
1156 745 1491 833 referunt,
1539 760 1870 838 nusquam
1913 748 1985 816 in
2029 770 2111 817 ea
2152 746 2421 833 fabula,
2470 755 2544 815 ut
2572 771 2656 817 ea

423 871 604 920 nunc
633 850 908 938 quidem
950 847 1245 917 habetur
1262 897 1285 935 ‚
1334 851 1656 943 scriptum
1699 860 1831 920 est:
1878 852 2043 940 quin
2089 874 2175 949 ne
2221 856 2471 919 nomen
2509 850 2660 939 qui-

423 953 651 1021 dem
631 977 701 1020 m
743 976 826 1021 ea
873 952 1332 1021 Eumenidum
1369 977 1654 1075 usquam
1696 955 2046 1046 reperitur.
2154 950 2367 1043 Atqui
2408 953 2659 1021 horum

422 1055 598 1125 fides
628 1057 1230 1155 grammaticorum
1259 1078 1345 1125 eo
1376 1059 1593 1126 minus
1614 1058 1687 1126 in
1726 1056 2214 1129 dubitationem
2249 1055 2476 1127 venire
2520 1078 2679 1147 po,-3

421 1167 586 1244 test,
638 1158 827 1249 qnod
857 1158 1239 1282 Aeschylus
1280 1182 1418 1229 non
1447 1161 1674 1230 modo
1722 1160 1906 1229 hanc
1940 1160 2473 1252 appellationem
2512 1160 2661 1231 Fu:
2690 1176 2700 1195 ¹

424 1263 674 1333 nai-um
687 1311 709 1348 ‚
760 1271 836 1330 ut
881 1283 965 1329 ex
1007 1263 1159 1354 ipso
1199 1262 1326 1332 illo
1359 1262 1619 1333 Orestis
1664 1264 1918 1351 iudicio
1948 1272 2191 1332 natam
2199 1311 2221 1348 ‚
2272 1262 2661 1355 propriam-.-

424 1388 561 1455 que
584 1366 1128 1452 AtheniensibuS‚
1175 1367 1290 1435 vix
1316 1368 1685 1458 praeterire
1715 1367 1961 1458 potuit,
2012 1366 2200 1457 (vide
2232 1366 2659 1456 Sophoclem
2716 1400 2724 1409 ·

321 1558 333 1567 ⁸
424 1469 496 1539 in
554 1469 731 1540 Oed.
776 1469 932 1541 Col.
974 1468 1100 1544 42.
1160 1478 1232 1543 et
1276 1470 1371 1539 ibi
1420 1470 1829 1540 scholiasten
1844 1519 1865 1556 ‚
1930 1469 2115 1540 cuius
2157 1469 2662 1537 adnotationem

425 1574 696 1664 repetiit
725 1572 969 1642 Suidas
1011 1574 1082 1641 in
1115 1594 1189 1640 v.
1235 1570 1681 1666 Edperldec}
1698 1573 1835 1647 ,sed
1875 1574 2076 1645 etiam
2120 1572 2344 1665 ipsum
2384 1570 2662 1639 fabulae

423 1699 673 1745 nomen
697 1675 1106 1744 mentionem
1139 1676 1279 1745 eius
1310 1676 1410 1745 rei
1433 1677 1688 1747 factam
1720 1700 1860 1745 esse
1891 1678 2132 1768 arguit.
2236 1674 2660 1764 Quinetiam

422 1781 496 1848 in
527 1788 929 1873 argumento
964 1779 1240 1849 fabulae
1259 1829 1280 1866 ‚
1333 1780 1524 1869 quod
1570 1803 1709 1849 non
1746 1782 1965 1849 solum
1990 1780 2069 1849 in
2092 1778 2487 1848 Robortelli
2507 1776 2661 1845 edi·-

424 1885 609 1952 tione
625 1932 648 1969 ‚
698 1883 821 1952 sed
867 1884 1072 1952 etiam
1113 1883 1185 1950 in
1222 1878 1499 1973 reliquis
1537 1884 1847 1959 mutilum
1886 1892 2020 1968 est,
2078 1882 2471 1953 adnotatur:
2531 1905 2664 1959 τας
2728 1899 2732 1903 ·

428 1987 508 2061 δὲ
548 1980 934 2084 Ἐριννύας
974 2013 1327 2106 πραυνας,
1413 1980 2000 2108 προηγόρευσεν.
2029 1982 2495 2079 Ευμεωίδαςε·
2543 1982 2663 2049 ubi
2794 2050 2799 2058 .

425 2089 856 2160 scribendum
889 2082 1320 2186 πραῧνασα,
1373 2091 1759 2160 auctoribus
1802 2088 1933 2156 inis
1980 2089 2185 2179 ipsis»,
2222 2110 2411 2176 qnos
2449 2084 2665 2168 attuli,

428 2193 901 2285 grammaticis,
1002 2191 1196 2260 Nihil
1225 2215 1396 2284 ergo
1426 2192 1612 2260 aliud
1642 2193 1959 2260 relictum.
1981 2199 2081 2258 oet
2096 2238 2127 2277 ‚
2169 2213 2376 2279 quam
2405 2198 2487 2257 ut
2507 2210 2695 2261 eum
2751 2204 2757 2211 ·

426 2297 688 2382 locum,
738 2298 812 2364 in
852 2314 992 2384 quo
1020 2294 1259 2363 Furias
1304 2295 1765 2365 Eumenidum
1793 2309 2043 2363 nomen
2075 2293 2416 2384 accepisse
2446 2298 2669 2383 :poeta

428 2399 722 2485 dixerat,
782 2397 1211 2467 librariorum
1249 2399 1707 2492 negligentia,
1764 2399 1882 2467 vel
1935 2396 2268 2467 codicum.
2298 2396 2466 2464 tristi
2514 2395 2664 2461 for-

428 2513 588 2571 tuna
640 2502 956 2572 interiisse
999 2510 1404 2571 statuamus·
1385 2552 1404 2570 .
1509 2501 1698 2573 cuius
1752 2500 2020 2593 generis
2079 2499 2409 2591 exempla
2462 2498 2666 2588 plura
2716 2519 2726 2525 ·

415 2607 631 2677 ,etiam
649 2654 672 2693 ‚
718 2628 924 2695 quam
957 2606 1173 2697 vulgo
1214 2604 1544 2674 creditum
1583 2612 1718 2690 est,
1766 2604 1840 2672 in
1885 2602 2213 2693 Aaechyli
2249 2600 2500 2669 fabulis
2545 2620 2666 2669 exf-

433 2719 623 2778 stant.
728 2709 961 2794 Quum
1003 2720 1228 2777 autem
1274 2717 1342 2778 et
1386 2731 1506 2776 res·
1532 2709 1716 2798 ipsa,
1769 2715 1843 2775 et
1867 2705 2466 2798 grammaticorum
2492 2724 2668 2793 quos

433 2812 1100 2884 commemoravimus
1168 2812 1621 2882 testimonium
1693 2810 1876 2882 circa
1951 2809 2161 2881 finem
2233 2809 2511 2876 fabulae
2586 2805 2659 2872 id
2676 2809 2760 2884 12

431 2917 686 2986 factum
715 2939 855 2984 esse
890 2915 1236 3007 ostendat,
1282 2916 1354 2982 in
1377 2924 1704 3006 promptu
1741 2923 1840 2983 est
1866 2912 2092 2998 locus,
2141 2913 2271 3002 qui
2286 2934 2430 2983 non-
2449 2908 2663 2979 modo
2712 2938 2715 2947 ·

430 3021 720 3091 maxime
768 3018 858 3086 ad
892 3041 1045 3087 eam
1089 3020 1540 3086 narrationem
1578 3017 1864 3085 idoneus
1906 3016 2214 3089 videatur
2232 3063 2275 3100 ‚.
2304 3014 2429 3083 sed·
2458 3012 2667 3082 ¹etiam

428 3125 521 3193 ob
560 3124 778 3215 ipsam
818 3125 1186 3192 verborum
1230 3121 1814 3192 inconcinnitatem
1847 3121 2132 3189 lacunae
2169 3127 2514 3209 suspectus
2561 3115 2667 3201 sit,

427 3251 490 3297 v.
534 3225 758 3296 1028.
860 3227 969 3295 Ibi
1019 3248 1230 3315 quum
1278 3225 1596 3294 Minerva
1639 3246 1712 3292 se
1769 3225 2118 3293 missuram
2156 3222 2471 3307 dixisset,
2547 3216 2667 3311 qui

365 3344 376 3350 “
427 3331 662 3400 Furias
706 3329 798 3398 ad
832 3329 1232 3401 destinatam
1269 3329 1516 3398 sedem
1547 3327 1966 3420 deducerent
1980 3373 2003 3412 ‚
2068 3325 2163 3392 ita
2194 3325 2465 3417 pergit.

1422 3479 1632 3576 ὄμμα
1677 3507 1817 3578 γαρ
1857 3505 2082 3604 πασης
2118 3471 2388 3568 χῗθονός
2471 3576 2477 3585 e

639 3585 1000 3683 Θησῇδος
1014 3580 1308 3669 &Semnon-
1353 3580 1484 3676 ἄν,
1538 3579 1822 3679 ευκλεής
1872 3577 2080 3672 λόχος

553 3758 556 3761 ,
632 3688 947 3768 παίδων,
1002 3714 1398 3781 γυναικων,
1449 3686 1576 3759 καὶ
1626 3681 1881 3766 στόλος
1919 3679 2437 3780 πρεσβυτίδων
2552 3690 2577 3773 J

635 3784 1241 3912 φοινικοβαπτοις
1271 3795 1593 3871 ἐνδυτοῖς
1628 3781 2046 3884 ἕσθήμασιν

633 3922 932 3988 τιματε,
983 3893 1102 3966 καὶ
1140 3922 1229 3968 το
1270 3894 1528 3989 φέγγος
1559 3886 1926 3991 ὁρμάσθω
1949 3878 2247 3987 πυρός

371 4067 379 4072 “
429 4049 567 4123 Hie
620 4070 761 4125 non
806 4049 1030 4117 solum
1084 4047 1506 4117 desideratur
1568 4046 1871 4115 virorum
1927 4051 1998 4113 et
2036 4041 2352 4112 iuvenum
2391 4037 2679 4121 mentio,

430 4175 722 4242 quorum
765 4152 836 4219 in
880 4151 1021 4222 hac
1056 4172 1330 4244 pompa
1372 4159 1515 4218 tam
1557 4150 1827 4242 insigne
1877 4146 2188 4216 officium
2230 4151 2412 4229 erat,
2475 4152 2551 4210 ut
2595 4137 2670 4207 id

429 4278 567 4324 non
599 4255 918 4325 videatur
976 4254 1331 4348 praeteriri
1379 4253 1755 4345 potuisse,
1776 4250 1967 4342 (vide
2007 4272 2186 4340 quae
2232 4246 2675 4337 Boeffigerus

430 4380 503 4450 p.
530 4359 602 4428 6.
633 4359 723 4428 de
754 4360 1062 4451 personis
1091 4358 1452 4428 Furiarum
1479 4356 1734 4425 attulit.
1763 4356 2006 4445 quibus
2033 4353 2218 4423 adde
2240 4349 2674 4419 Maussaoum

435 4462 522 4531 ad
561 4463 903 4557 Harpocr.
947 4464 1018 4533 in
1061 4487 1123 4533 v.
1171 4459 1432 4556 σεμναὶ
1476 4459 1693 4550 θεαί,
1757 4483 1826 4553 p.
1877 4458 2050 4527 314.
2093 4466 2161 4525 et
2187 4451 2533 4524 valesium
2578 4447 2670 4567 axi
