3325 5317
711 472 841 536 1oe
963 469 1065 529 DE
1120 467 1388 528 CHORO
1445 465 1913 531 EVMENIDVM
1952 465 2336 529 AESCHYLI
2391 466 2574 528 0188.
2614 464 2689 527 11.

711 641 912 711 etiam
938 640 1268 710 victorem
1316 662 1472 709 eum
1506 638 1936 731 pronunciari
1973 639 2316 725 viderent,
2359 645 2665 731 apertam
2707 637 2950 729 impie.

547 790 560 801 ·
706 753 922 814 tatem
951 743 1394 813 vociferantes
1410 792 1431 828 ‚
1479 743 1849 812 tumultum
1895 743 1969 811 in
1995 741 2266 811 theatro
2294 743 2747 823 concitarunt3
2795 764 2950 810 mo-

709 848 836 916 niti
877 857 1101 916 autem
1118 894 1141 932 ,
1203 855 1279 915 ut
1326 847 1489 938 lege
1530 854 1815 938 agerent
1828 894 1850 931 ‚
1915 867 2078 915 mox
2115 845 2477 937 impietatis
2534 865 2728 913 reum
2781 868 2952 937 ege-

708 950 914 1019 runt?
973 951 1080 1018 lta
1130 958 1317 1020 recte
1363 949 1605 1018 dixerit
1643 949 2006 1037 Aelianus,
2075 948 2398 1045 ἐκρίνετο
2452 943 2791 1041 ἀσεβείας
2834 946 2955 1021 ἐπί

616 1067 867 1129 28τινι
918 1047 1263 1148 δράματι.
1367 1052 1554 1137 Quid
1596 1075 1850 1143 porro,
1909 1054 2008 1139 si,
2070 1074 2211 1140 quo
2256 1051 2546 1122 atrocius
2587 1036 2954 1125 illud'cri-
3062 1078 3073 1086 ·

705 1178 865 1227 men
902 1179 1048 1226 esse
1086 1155 1351 1224 videtur
1369 1204 1391 1241 ‚
1458 1156 1597 1225 duo
1630 1156 1858 1248 capita
1895 1155 2204 1226 fecerunt
2254 1153 2740 1239 accusationis,
2807 1153 2953 1245 pri-

704 1282 895 1329 mum
939 1259 1029 1328 de
1072 1259 1468 1330 introductis
1504 1261 1695 1329 novis
1732 1258 1859 1327 diis
1874 1305 1896 1343 ,
1948 1257 2319 1329 secundum
2332 1305 2356 1343 ‚
2418 1257 2737 1335 usitatum
2778 1255 2955 1326 illud

706 1360 799 1431 de
848 1363 1177 1454 evulgatis
1223 1362 1598 1453 mysteriis?
1657 1365 1888 1453 Atque
1936 1361 2089 1449 hoq
2115 1361 2396 1452 quidem
2433 1368 2646 1452 caput
2683 1381 2823 1428 non
2870 1381 2955 1429 ex

703 1487 841 1534 uua
879 1465 1240 1558 tetralogia
1283 1464 1772 1557 depromptum
1832 1465 2034 1537 fuisse
2049 1513 2073 1551 ‚
2151 1464 2265 1534 vel
2310 1464 2484 1533 illud
2533 1461 2787 1533 indicio
2833 1470 2953 1548 est,

704 1568 896 1660 quod
937 1570 1233 1659 quinque
1281 1569 1557 1637 fabulae
1607 1569 1700 1636 ad
1743 1591 1896 1637 eam
1944 1592 2090 1639 rem
2140 1567 2565 1658 probandam
2601 1564 2955 1635 adhibitae

703 1681 891 1741 sunt:
940 1681 1018 1741 ut
1057 1681 1483 1747 accusatores
1522 1671 1665 1756 isti,
1718 1694 1932 1760 quum
1964 1673 2176 1741 semel
2215 1669 2574 1764 impietatis
2614 1670 2955 1762 postulas-

704 1781 853 1843 sent
903 1773 1319 1864 Aeschylum
1332 1826 1353 1862 ‚
1433 1797 1516 1843 ex
1566 1776 1877 1843 omnibus
1935 1776 2075 1844 eius
2128 1774 2495 1866 tragoediis
2554 1780 2954 1865 argumenta

704 1877 1177 1965 conquisivisse
1200 1877 1569 1946 videantur.
1626 1877 1837 1962 Quod
1873 1878 1930 1945 si
1975 1878 2428 1947 Eumenidum
2462 1876 2724 1945 nullam
2757 1899 2954 1945 men-

699 1981 959 2048 tionem
998 1981 1306 2050 fecerunt
1344 1982 1705 2072 scriptores
1719 2030 1741 2067 ,
1806 1981 1924 2071 qui
1967 1982 2293 2053 iudicium
2330 1979 2502 2049 illud
2532 2000 2955 2049 commemo-

702 2092 928 2151 rarunt
946 2132 967 2168 ,
1017 2105 1156 2151 non
1204 2092 1305 2152 cst
1351 2086 1713 2156 obscurum
1729 2133 1751 2170 ‚
1802 2084 2248 2176 praetermitti
2288 2084 2363 2152 id
2410 2093 2780 2175 propterea
2815 2104 2954 2174 po-

697 2187 934 2271 tuisse,
988 2187 1148 2277 quia
1183 2187 1652 2256 tantummodo
1686 2188 1778 2257 de
1816 2189 2174 2279 patefactis
2207 2187 2534 2272 mysteriis
2565 2187 2952 2276 loquuntur.

701 2288 848 2359 Sed
891 2291 1043 2358 satis
1091 2290 1181 2360 de
1218 2286 1348 2359 his.
1452 2291 1639 2359 lllud
1687 2291 2003 2363 adiiciam
2016 2340 2037 2376 ‚
2089 2293 2414 2380 quoniam
2444 2290 2513 2357 in
2544 2290 2796 2360 iudicio
2828 2289 2951 2356 illo

701 2391 1080 2485 Cynegirus
1116 2417 1249 2486 pro
1292 2395 1503 2463 fratre
1546 2394 1989 2466 intercessisse
2019 2395 2298 2479 dicitur,
2349 2404 2739 2484 suspectum
2781 2392 2955 2463 mihi

698 2495 916 2565 videri
941 2497 1282 2569 Aminiam
1310 2498 1526 2585 illum,
1578 2522 1785 2589 quem
1815 2499 1991 2568 vitae
2031 2500 2324 2590 scriptor
2352 2505 2422 2565 et
2452 2496 2698 2565 Suidas
2726 2496 2953 2564 mino-
2998 2508 3003 2513 ’

697 2621 846 2669 rem
896 2600 1175 2670 fratrem
1235 2602 1561 2692 Aeschyli
1590 2602 1815 2672 *fuisse
1864 2611 2155 2671 narrant.
2271 2600 2381 2669 De
2442 2599 2787 2692 Cynegiro
2843 2622 2952 2668 res

698 2710 886 2772 certa
912 2714 1045 2789 est,
1097 2703 1188 2772 de
1219 2727 1370 2793 quo²
1384 2706 1599 2773 multa
1624 2706 2110 2775 Valckenarius
2136 2703 2229 2772 ad
2253 2702 2592 2773 Herodot.
2623 2703 2742 2772 VI.
2775 2700 2952 2770 114.

695 2827 770 2897 p.
804 2802 1000 2888 491.
1043 2810 1182 2895 s'eq.
1224 2807 1444 2875 Huius
1488 2808 1693 2875 virtus
1736 2818 1812 2876 ut
1850 2808 1921 2875 in
1966 2831 2205 2899 pugna
2249 2805 2689 2876 Marathonia
2730 2806 2943 2877 incla-

695 2915 922 2977 ruerat
935 2955 957 2993 ,
1020 2910 1114 2977 ita
1156 2909 1458 2978 Amiuias
1496 2910 1811 2998 quidam,
1874 2909 2282 2979 Pallenensis
2295 2958 2317 2995 ,
2382 2918 2549 2980 teste
2585 2908 2952 2980 Herodoto

699 3008 890 3079 VIII.
930 3008 1054 3078 84.
1107 3009 1230 3081 93.
1294 3014 1367 3080 in
1409 3035 1648 3106 pugna
1695 3013 2065 3082 Salaminia
2120 3013 2500 3105 praemium
2543 3012 2953 3085 fortitudinis

701 3111 993 3204 adeptus
1057 3124 1176 3182 est.
1295 3114 1607 3185 Confusis
1677 3116 1770 3184 ob
1831 3117 2372 3201 similitudinem,
2451 3139 2628 3206 quae
2685 3116 2954 3185 diversa

702 3224 930 3300 erant,
979 3215 1292 3293 ,Aminias
1350 3242 1392 3286 a
1431 3219 1841 3308 quibusdam
1893 3220 2101 3290 frater
2142 3218 2416 3288 habitus
2459 3229 2560 3288 est
2600 3219 2951 3310 Aeschyli,
3046 3254 3049 3257 ·

680 3326 779 3417 ιιιι
835 3318 926 3388 ab
973 3317 1286 3388 Diodoro
1334 3321 1573 3391 Siculo
1618 3323 1738 3391 XI.
1798 3322 1920 3391 27.
1974 3332 2041 3391 et
2085 3323 2373 3393 Aeliano
2414 3321 2499 3391 V.
2548 3322 2641 3391 H.
2690 3321 2776 3391 V.
2825 3321 2947 3392 19.

693 3419 876 3513 Inde·
930 3421 1186 3492 factum
1205 3470 1227 3508 ,
1295 3424 1419 3492 nisi
1501 3425 1743 3513 fallor,
1808 3435 1885 3494 ut
1948 3428 2128 3496 vitae
2190 3426 2478 3515 scriptor
2544 3434 2614 3494 et
2676 3426 2951 3512 suidas,

694 3534 1016 3614 utrosque
1055 3548 1218 3597 vera
1261 3526 1507 3620 dixisse
1552 3529 1709 3614 rati,
1761 3529 2099 3599 Aminiam
2138 3537 2454 3620 putarent
2486 3529 2775 3598 alterum
2805 3533 2953 3601 Ae-
2992 3610 2999 3622 ¹

697 3628 915 3721 schyli
958 3630 1275 3720 fratrem,
1341 3654 1632 3726 eumque
1676 3633 2027 3705 minorem.
2043 3641 2207 3703 natu
2250 3632 2487 3703 fuisse.·

1621 4163 2030 4177 ——nm

3250 5082 3271 5271 l-——r
3270 4982 3273 4987 .
3268 4876 3273 4925 ὲ
3270 4800 3273 4823 -
