<?xml version="1.0" encoding="UTF-8"?>
<!DOCTYPE html PUBLIC "-//W3C//DTD XHTML 1.0 Transitional//EN"
    "http://www.w3.org/TR/xhtml1/DTD/xhtml1-transitional.dtd">
<html xmlns="http://www.w3.org/1999/xhtml" xml:lang="en" lang="en">
 <head>
  <title>
</title>
<meta http-equiv="Content-Type" content="text/html;charset=utf-8" />
  <meta name='ocr-system' content='tesseract 3.04.00' />
  <meta name='ocr-capabilities' content='ocr_page ocr_carea ocr_par ocr_line ocrx_word'/>
</head>
<body>
  <div class='ocr_page' id='page_1' title='image "./godofrediherman01fritgoog_0083.png"; bbox 0 0 3325 5317; ppageno 0'>
   <div class='ocr_carea' id='block_1_1' title="bbox 496 453 2659 524">
    <p class='ocr_par' dir='ltr' id='par_1_1' title="bbox 496 453 2659 524">
     <span class='ocr_line' id='line_1_1' title="bbox 496 453 2659 524; baseline 0.003 -7"><span class='ocrx_word' id='word_1_1' title='bbox 496 455 598 519; x_wconf 83' lang='lat' dir='ltr'><strong>DE</strong></span> <span class='ocrx_word' id='word_1_2' title='bbox 639 453 1014 520; x_wconf 80' lang='lat' dir='ltr'><strong>VERsmvs</strong></span> <span class='ocrx_word' id='word_1_3' title='bbox 1061 454 1358 519; x_wconf 74' lang='lat' dir='ltr'><strong>srvnns</strong></span> <span class='ocrx_word' id='word_1_4' title='bbox 1399 454 1607 520; x_wconf 76' lang='lat' dir='ltr'>APVD</span> <span class='ocrx_word' id='word_1_5' title='bbox 1638 454 2109 521; x_wconf 72' lang='lat' dir='ltr'><strong>AESOEYLVM</strong></span> <span class='ocrx_word' id='word_1_6' title='bbox 2147 454 2484 522; x_wconf 76' lang='lat' dir='ltr'><strong>mssERT.</strong></span> <span class='ocrx_word' id='word_1_7' title='bbox 2568 460 2659 524; x_wconf 68' lang='lat' dir='ltr'><strong>‘n</strong></span> 
     </span>
    </p>
   </div>
   <div class='ocr_carea' id='block_1_2' title="bbox 348 629 2656 1447">
    <p class='ocr_par' dir='ltr' id='par_1_2' title="bbox 348 629 2656 1447">
     <span class='ocr_line' id='line_1_2' title="bbox 413 629 2656 725; baseline 0.001 -24"><span class='ocrx_word' id='word_1_8' title='bbox 413 639 555 701; x_wconf 90' lang='lat' dir='ltr'><strong>tum</strong></span> <span class='ocrx_word' id='word_1_9' title='bbox 601 629 826 700; x_wconf 85' lang='lat' dir='ltr'><strong>fuerit.</strong></span> <span class='ocrx_word' id='word_1_10' title='bbox 927 629 1101 701; x_wconf 87' lang='lat' dir='ltr'><strong>Sunt</strong></span> <span class='ocrx_word' id='word_1_11' title='bbox 1149 640 1377 701; x_wconf 88' lang='lat' dir='ltr'><strong>autem</strong></span> <span class='ocrx_word' id='word_1_12' title='bbox 1425 654 1684 725; x_wconf 84' lang='lat' dir='ltr'><strong>genera</strong></span> <span class='ocrx_word' id='word_1_13' title='bbox 1730 630 2365 719; x_wconf 71' lang='lat' dir='ltr'><strong>additamemomm,</strong></span> <span class='ocrx_word' id='word_1_14' title='bbox 2412 632 2656 725; x_wconf 87' lang='lat' dir='ltr'><strong>quibus</strong></span> 
     </span>
     <span class='ocr_line' id='line_1_3' title="bbox 411 732 2655 827; baseline 0 -22"><span class='ocrx_word' id='word_1_15' title='bbox 411 733 662 827; x_wconf 85' lang='lat' dir='ltr'><strong>scripta</strong></span> <span class='ocrx_word' id='word_1_16' title='bbox 708 743 1013 815; x_wconf 81' lang='lat' dir='ltr'><strong>veterum</strong></span> <span class='ocrx_word' id='word_1_17' title='bbox 1054 732 1436 804; x_wconf 86' lang='lat' dir='ltr'><strong>deformata</strong></span> <span class='ocrx_word' id='word_1_18' title='bbox 1476 746 1630 805; x_wconf 91' lang='lat' dir='ltr'><strong>sunt</strong></span> <span class='ocrx_word' id='word_1_19' title='bbox 1646 783 1666 820; x_wconf 93' lang='lat'>‚</span> <span class='ocrx_word' id='word_1_20' title='bbox 1735 734 1957 827; x_wconf 91' lang='lat' dir='ltr'><strong>plura.</strong></span> <span class='ocrx_word' id='word_1_21' title='bbox 2053 736 2235 805; x_wconf 90' lang='lat' dir='ltr'><strong>Nam</strong></span> <span class='ocrx_word' id='word_1_22' title='bbox 2282 735 2497 805; x_wconf 90' lang='lat' dir='ltr'><strong>modo</strong></span> <span class='ocrx_word' id='word_1_23' title='bbox 2546 736 2655 805; x_wconf 91' lang='lat' dir='ltr'><strong>in-</strong></span> 
     </span>
     <span class='ocr_line' id='line_1_4' title="bbox 348 831 2653 931; baseline 0 -25"><span class='ocrx_word' id='word_1_24' title='bbox 348 831 920 930; x_wconf 49' lang='lat' dir='ltr'><strong>”terpretationes</strong></span> <span class='ocrx_word' id='word_1_25' title='bbox 976 840 1469 909; x_wconf 84' lang='lat' dir='ltr'><strong>vocabulorum</strong></span> <span class='ocrx_word' id='word_1_26' title='bbox 1487 886 1509 924; x_wconf 87' lang='lat'>,</span> <span class='ocrx_word' id='word_1_27' title='bbox 1591 861 1769 927; x_wconf 92' lang='lat' dir='ltr'><strong>quae</strong></span> <span class='ocrx_word' id='word_1_28' title='bbox 1836 839 2248 931; x_wconf 81' lang='lat' dir='ltr'><strong>glossemata</strong></span> <span class='ocrx_word' id='word_1_29' title='bbox 2305 848 2653 927; x_wconf 81' lang='lat' dir='ltr'><strong>vocantur,</strong></span> 
     </span>
     <span class='ocr_line' id='line_1_5' title="bbox 408 940 2655 1027; baseline 0 -15"><span class='ocrx_word' id='word_1_30' title='bbox 408 942 621 1012; x_wconf 91' lang='lat' dir='ltr'><strong>modo</strong></span> <span class='ocrx_word' id='word_1_31' title='bbox 672 940 1122 1011; x_wconf 82' lang='lat' dir='ltr'><strong>enarrationes</strong></span> <span class='ocrx_word' id='word_1_32' title='bbox 1168 942 1640 1011; x_wconf 86' lang='lat' dir='ltr'><strong>sententiarum</strong></span> <span class='ocrx_word' id='word_1_33' title='bbox 1656 990 1678 1027; x_wconf 84' lang='lat'>‚</span> <span class='ocrx_word' id='word_1_34' title='bbox 1729 942 1943 1010; x_wconf 91' lang='lat' dir='ltr'><strong>modo</strong></span> <span class='ocrx_word' id='word_1_35' title='bbox 1982 943 2178 1012; x_wconf 91' lang='lat' dir='ltr'><strong>locos</strong></span> <span class='ocrx_word' id='word_1_36' title='bbox 2228 943 2476 1012; x_wconf 83' lang='lat' dir='ltr'><strong>similes</strong></span> <span class='ocrx_word' id='word_1_37' title='bbox 2522 943 2655 1012; x_wconf 85' lang='lat' dir='ltr'><strong>ad-</strong></span> 
     </span>
     <span class='ocr_line' id='line_1_6' title="bbox 406 1045 2653 1136; baseline 0.001 -23"><span class='ocrx_word' id='word_1_38' title='bbox 406 1046 620 1115; x_wconf 88' lang='lat' dir='ltr'><strong>iectos</strong></span> <span class='ocrx_word' id='word_1_39' title='bbox 669 1045 1003 1113; x_wconf 86' lang='lat' dir='ltr'><strong>videmus:</strong></span> <span class='ocrx_word' id='word_1_40' title='bbox 1068 1055 1556 1136; x_wconf 84' lang='lat' dir='ltr'><strong>praetereaque</strong></span> <span class='ocrx_word' id='word_1_41' title='bbox 1595 1045 1932 1115; x_wconf 88' lang='lat' dir='ltr'><strong>interdum</strong></span> <span class='ocrx_word' id='word_1_42' title='bbox 1976 1046 2331 1117; x_wconf 88' lang='lat' dir='ltr'><strong>traiectum</strong></span> <span class='ocrx_word' id='word_1_43' title='bbox 2382 1056 2483 1116; x_wconf 66' lang='lat' dir='ltr'><strong>est</strong></span> <span class='ocrx_word' id='word_1_44' title='bbox 2524 1047 2653 1115; x_wconf 89' lang='lat' dir='ltr'><strong>ali-</strong></span> 
     </span>
     <span class='ocr_line' id='line_1_7' title="bbox 407 1147 2654 1241; baseline 0.001 -25"><span class='ocrx_word' id='word_1_45' title='bbox 407 1148 573 1238; x_wconf 84' lang='lat' dir='ltr'><strong>quid</strong></span> <span class='ocrx_word' id='word_1_46' title='bbox 620 1169 744 1235; x_wconf 78' lang='lat' dir='ltr'><strong>en,</strong></span> <span class='ocrx_word' id='word_1_47' title='bbox 804 1169 941 1238; x_wconf 88' lang='lat' dir='ltr'><strong>quo</strong></span> <span class='ocrx_word' id='word_1_48' title='bbox 985 1169 1123 1216; x_wconf 87' lang='lat' dir='ltr'><strong>non</strong></span> <span class='ocrx_word' id='word_1_49' title='bbox 1174 1147 1504 1235; x_wconf 85' lang='lat' dir='ltr'><strong>debebat,</strong></span> <span class='ocrx_word' id='word_1_50' title='bbox 1551 1148 1666 1217; x_wconf 85' lang='lat' dir='ltr'><strong>vel</strong></span> <span class='ocrx_word' id='word_1_51' title='bbox 1717 1170 1877 1218; x_wconf 82' lang='lat' dir='ltr'><strong>casu</strong></span> <span class='ocrx_word' id='word_1_52' title='bbox 1930 1150 2169 1235; x_wconf 87' lang='lat' dir='ltr'><strong>etiam,</strong></span> <span class='ocrx_word' id='word_1_53' title='bbox 2221 1174 2264 1218; x_wconf 89' lang='lat' dir='ltr'><strong>a</strong></span> <span class='ocrx_word' id='word_1_54' title='bbox 2291 1173 2432 1241; x_wconf 88' lang='lat' dir='ltr'><strong>quo</strong></span> <span class='ocrx_word' id='word_1_55' title='bbox 2479 1148 2654 1218; x_wconf 85' lang='lat' dir='ltr'><strong>nihil</strong></span> 
     </span>
     <span class='ocr_line' id='line_1_8' title="bbox 407 1251 2651 1338; baseline 0.002 -17"><span class='ocrx_word' id='word_1_56' title='bbox 407 1262 626 1321; x_wconf 84' lang='lat' dir='ltr'><strong>tutum</strong></span> <span class='ocrx_word' id='word_1_57' title='bbox 680 1258 818 1337; x_wconf 89' lang='lat' dir='ltr'><strong>est,</strong></span> <span class='ocrx_word' id='word_1_58' title='bbox 877 1251 1163 1320; x_wconf 84' lang='lat' dir='ltr'><strong>illatum.</strong></span> <span class='ocrx_word' id='word_1_59' title='bbox 1280 1252 1541 1322; x_wconf 87' lang='lat' dir='ltr'><strong>Verum</strong></span> <span class='ocrx_word' id='word_1_60' title='bbox 1605 1255 1781 1321; x_wconf 88' lang='lat' dir='ltr'><strong>bene</strong></span> <span class='ocrx_word' id='word_1_61' title='bbox 1843 1254 2210 1322; x_wconf 88' lang='lat' dir='ltr'><strong>tenendum</strong></span> <span class='ocrx_word' id='word_1_62' title='bbox 2262 1263 2399 1338; x_wconf 65' lang='lat' dir='ltr'><strong>est,</strong></span> <span class='ocrx_word' id='word_1_63' title='bbox 2468 1252 2651 1325; x_wconf 83' lang='lat' dir='ltr'><strong>haec</strong></span> 
     </span>
     <span class='ocr_line' id='line_1_9' title="bbox 405 1351 2654 1447; baseline 0 -23"><span class='ocrx_word' id='word_1_64' title='bbox 405 1377 543 1425; x_wconf 88' lang='lat' dir='ltr'><strong>non</strong></span> <span class='ocrx_word' id='word_1_65' title='bbox 587 1377 807 1444; x_wconf 88' lang='lat' dir='ltr'><strong>aeque</strong></span> <span class='ocrx_word' id='word_1_66' title='bbox 837 1351 1062 1423; x_wconf 82' lang='lat' dir='ltr'><strong>omnia</strong></span> <span class='ocrx_word' id='word_1_67' title='bbox 1085 1357 1156 1423; x_wconf 92' lang='lat' dir='ltr'><strong>in</strong></span> <span class='ocrx_word' id='word_1_68' title='bbox 1180 1357 1418 1446; x_wconf 85' lang='lat' dir='ltr'><strong>quovis</strong></span> <span class='ocrx_word' id='word_1_69' title='bbox 1468 1356 1798 1447; x_wconf 82' lang='lat' dir='ltr'><strong>scriptore</strong></span> <span class='ocrx_word' id='word_1_70' title='bbox 1848 1356 2049 1425; x_wconf 85' lang='lat' dir='ltr'><strong>obvia</strong></span> <span class='ocrx_word' id='word_1_71' title='bbox 2099 1379 2262 1442; x_wconf 80' lang='lat' dir='ltr'><strong>esse,</strong></span> <span class='ocrx_word' id='word_1_72' title='bbox 2313 1356 2436 1426; x_wconf 92' lang='lat' dir='ltr'><strong>sed</strong></span> <span class='ocrx_word' id='word_1_73' title='bbox 2474 1380 2654 1447; x_wconf 90' lang='lat' dir='ltr'><strong>quae</strong></span> 
     </span>
    </p>
   </div>
   <div class='ocr_carea' id='block_1_3' title="bbox 405 1457 2701 1553">
    <p class='ocr_par' dir='ltr' id='par_1_3' title="bbox 405 1457 2701 1553">
     <span class='ocr_line' id='line_1_10' title="bbox 405 1457 2701 1553; baseline 0 -27"><span class='ocrx_word' id='word_1_74' title='bbox 405 1457 658 1528; x_wconf 88' lang='lat' dir='ltr'><strong>horum</strong></span> <span class='ocrx_word' id='word_1_75' title='bbox 706 1480 845 1527; x_wconf 90' lang='lat' dir='ltr'><strong>non</strong></span> <span class='ocrx_word' id='word_1_76' title='bbox 894 1458 1104 1529; x_wconf 91' lang='lat' dir='ltr'><strong>errori</strong></span> <span class='ocrx_word' id='word_1_77' title='bbox 1153 1458 1487 1527; x_wconf 79' lang='lat' dir='ltr'><strong>debentur</strong></span> <span class='ocrx_word' id='word_1_78' title='bbox 1501 1508 1522 1546; x_wconf 89' lang='lat'>‚</span> <span class='ocrx_word' id='word_1_79' title='bbox 1586 1460 1656 1527; x_wconf 92' lang='lat' dir='ltr'><strong>in</strong></span> <span class='ocrx_word' id='word_1_80' title='bbox 1713 1459 1821 1528; x_wconf 88' lang='lat' dir='ltr'><strong>his</strong></span> <span class='ocrx_word' id='word_1_81' title='bbox 1869 1459 2016 1529; x_wconf 89' lang='lat' dir='ltr'><strong>fere</strong></span> <span class='ocrx_word' id='word_1_82' title='bbox 2067 1460 2503 1553; x_wconf 82' lang='lat' dir='ltr'><strong>scriptoribus</strong></span> <span class='ocrx_word' id='word_1_83' title='bbox 2539 1461 2701 1543; x_wconf 63' lang='lat' dir='ltr'><strong>i,n-4</strong></span> 
     </span>
    </p>
   </div>
   <div class='ocr_carea' id='block_1_4' title="bbox 400 1560 2652 2382">
    <p class='ocr_par' dir='ltr' id='par_1_4' title="bbox 400 1560 2652 2382">
     <span class='ocr_line' id='line_1_11' title="bbox 407 1560 2652 1656; baseline 0 -24"><span class='ocrx_word' id='word_1_84' title='bbox 407 1561 616 1633; x_wconf 84' lang='lat' dir='ltr'><strong>veniri</strong></span> <span class='ocrx_word' id='word_1_85' title='bbox 629 1610 651 1648; x_wconf 91' lang='lat'><strong>,</strong></span> <span class='ocrx_word' id='word_1_86' title='bbox 730 1560 850 1651; x_wconf 91' lang='lat' dir='ltr'><strong>qui</strong></span> <span class='ocrx_word' id='word_1_87' title='bbox 914 1585 1128 1650; x_wconf 89' lang='lat' dir='ltr'><strong>quum</strong></span> <span class='ocrx_word' id='word_1_88' title='bbox 1186 1563 1471 1631; x_wconf 88' lang='lat' dir='ltr'><strong>multum</strong></span> <span class='ocrx_word' id='word_1_89' title='bbox 1539 1562 2033 1648; x_wconf 82' lang='lat' dir='ltr'><strong>lectitarentur‚</strong></span> <span class='ocrx_word' id='word_1_90' title='bbox 2111 1563 2382 1656; x_wconf 84' lang='lat' dir='ltr'><strong>largam</strong></span> <span class='ocrx_word' id='word_1_91' title='bbox 2442 1566 2652 1633; x_wconf 88' lang='lat' dir='ltr'><strong>etiam</strong></span> 
     </span>
     <span class='ocr_line' id='line_1_12' title="bbox 408 1666 2651 1759; baseline 0 -23"><span class='ocrx_word' id='word_1_92' title='bbox 408 1666 778 1736; x_wconf 84' lang='lat' dir='ltr'><strong>adnotandi</strong></span> <span class='ocrx_word' id='word_1_93' title='bbox 828 1666 1404 1758; x_wconf 83' lang='lat' dir='ltr'><strong>opportunitatem</strong></span> <span class='ocrx_word' id='word_1_94' title='bbox 1469 1666 1911 1759; x_wconf 86' lang='lat' dir='ltr'><strong>praebebant.</strong></span> <span class='ocrx_word' id='word_1_95' title='bbox 2016 1666 2248 1751; x_wconf 81' lang='lat' dir='ltr'><strong>Quare</strong></span> <span class='ocrx_word' id='word_1_96' title='bbox 2297 1675 2374 1738; x_wconf 89' lang='lat' dir='ltr'><strong>ut</strong></span> <span class='ocrx_word' id='word_1_97' title='bbox 2422 1668 2495 1735; x_wconf 90' lang='lat' dir='ltr'><strong>in</strong></span> <span class='ocrx_word' id='word_1_98' title='bbox 2542 1667 2651 1736; x_wconf 89' lang='lat' dir='ltr'><strong>his</strong></span> 
     </span>
     <span class='ocr_line' id='line_1_13' title="bbox 405 1768 2650 1861; baseline 0.001 -23"><span class='ocrx_word' id='word_1_99' title='bbox 405 1770 637 1839; x_wconf 88' lang='lat' dir='ltr'><strong>attenti</strong></span> <span class='ocrx_word' id='word_1_100' title='bbox 676 1792 819 1838; x_wconf 85' lang='lat' dir='ltr'><strong>esse</strong></span> <span class='ocrx_word' id='word_1_101' title='bbox 858 1768 1186 1840; x_wconf 88' lang='lat' dir='ltr'><strong>debemus</strong></span> <span class='ocrx_word' id='word_1_102' title='bbox 1203 1816 1226 1855; x_wconf 88' lang='lat'>‚</span> <span class='ocrx_word' id='word_1_103' title='bbox 1276 1792 1363 1838; x_wconf 87' lang='lat' dir='ltr'><strong>ne</strong></span> <span class='ocrx_word' id='word_1_104' title='bbox 1406 1769 1574 1861; x_wconf 88' lang='lat' dir='ltr'><strong>quid</strong></span> <span class='ocrx_word' id='word_1_105' title='bbox 1611 1770 1908 1838; x_wconf 89' lang='lat' dir='ltr'><strong>alienum</strong></span> <span class='ocrx_word' id='word_1_106' title='bbox 1951 1792 2074 1839; x_wconf 92' lang='lat' dir='ltr'><strong>nos</strong></span> <span class='ocrx_word' id='word_1_107' title='bbox 2119 1771 2328 1839; x_wconf 89' lang='lat' dir='ltr'><strong>lateat</strong></span> <span class='ocrx_word' id='word_1_108' title='bbox 2341 1819 2363 1857; x_wconf 88' lang='lat'><strong>,</strong></span> <span class='ocrx_word' id='word_1_109' title='bbox 2427 1771 2524 1839; x_wconf 89' lang='lat' dir='ltr'><strong>ita</strong></span> <span class='ocrx_word' id='word_1_110' title='bbox 2577 1771 2650 1841; x_wconf 86' lang='lat' dir='ltr'><strong>in</strong></span> 
     </span>
     <span class='ocr_line' id='line_1_14' title="bbox 400 1871 2641 1962; baseline 0 -20"><span class='ocrx_word' id='word_1_111' title='bbox 400 1873 514 1960; x_wconf 84' lang='lat' dir='ltr'><strong>iis,</strong></span> <span class='ocrx_word' id='word_1_112' title='bbox 590 1874 710 1962; x_wconf 89' lang='lat' dir='ltr'><strong>qui</strong></span> <span class='ocrx_word' id='word_1_113' title='bbox 746 1871 1081 1943; x_wconf 89' lang='lat' dir='ltr'><strong>minorem</strong></span> <span class='ocrx_word' id='word_1_114' title='bbox 1119 1874 1380 1962; x_wconf 81' lang='lat' dir='ltr'><strong>experti</strong></span> <span class='ocrx_word' id='word_1_115' title='bbox 1428 1882 1580 1943; x_wconf 89' lang='lat' dir='ltr'><strong>sunt</strong></span> <span class='ocrx_word' id='word_1_116' title='bbox 1617 1875 1955 1944; x_wconf 87' lang='lat' dir='ltr'><strong>lectorum</strong></span> <span class='ocrx_word' id='word_1_117' title='bbox 1982 1874 2434 1943; x_wconf 86' lang='lat' dir='ltr'><strong>assiduitatem</strong></span> <span class='ocrx_word' id='word_1_118' title='bbox 2447 1922 2469 1962; x_wconf 87' lang='lat'>‚</span> <span class='ocrx_word' id='word_1_119' title='bbox 2528 1895 2641 1945; x_wconf 88' lang='lat' dir='ltr'><strong>ca·</strong></span> 
     </span>
     <span class='ocr_line' id='line_1_15' title="bbox 403 1975 2647 2071; baseline 0 -26"><span class='ocrx_word' id='word_1_120' title='bbox 403 1975 698 2046; x_wconf 86' lang='lat' dir='ltr'><strong>vendum</strong></span> <span class='ocrx_word' id='word_1_121' title='bbox 714 2024 760 2063; x_wconf 84' lang='lat'><strong>‚,</strong></span> <span class='ocrx_word' id='word_1_122' title='bbox 787 1999 875 2045; x_wconf 90' lang='lat' dir='ltr'><strong>ne</strong></span> <span class='ocrx_word' id='word_1_123' title='bbox 912 1978 987 2045; x_wconf 90' lang='lat' dir='ltr'><strong>in</strong></span> <span class='ocrx_word' id='word_1_124' title='bbox 1027 1976 1477 2069; x_wconf 88' lang='lat' dir='ltr'><strong>suspicionem</strong></span> <span class='ocrx_word' id='word_1_125' title='bbox 1516 1998 1837 2048; x_wconf 85' lang='lat' dir='ltr'><strong>vocemus</strong></span> <span class='ocrx_word' id='word_1_126' title='bbox 1850 2025 1873 2063; x_wconf 92' lang='lat'>‚</span> <span class='ocrx_word' id='word_1_127' title='bbox 1922 2000 2103 2067; x_wconf 89' lang='lat' dir='ltr'><strong>quae</strong></span> <span class='ocrx_word' id='word_1_128' title='bbox 2139 1978 2434 2071; x_wconf 84' lang='lat' dir='ltr'><strong>genuina</strong></span> <span class='ocrx_word' id='word_1_129' title='bbox 2476 1985 2647 2048; x_wconf 87' lang='lat' dir='ltr'><strong>sunt.</strong></span> 
     </span>
     <span class='ocr_line' id='line_1_16' title="bbox 402 2079 2648 2172; baseline 0 -22"><span class='ocrx_word' id='word_1_130' title='bbox 402 2080 574 2150; x_wconf 87' lang='lat' dir='ltr'><strong>Vtar</strong></span> <span class='ocrx_word' id='word_1_131' title='bbox 636 2080 952 2172; x_wconf 85' lang='lat' dir='ltr'><strong>exemplo</strong></span> <span class='ocrx_word' id='word_1_132' title='bbox 1026 2079 1373 2171; x_wconf 77' lang='lat' dir='ltr'><strong>Aeschyli.</strong></span> <span class='ocrx_word' id='word_1_133' title='bbox 1476 2080 1615 2153; x_wconf 91' lang='lat' dir='ltr'><strong>Hic</strong></span> <span class='ocrx_word' id='word_1_134' title='bbox 1691 2102 1904 2172; x_wconf 89' lang='lat' dir='ltr'><strong>quum</strong></span> <span class='ocrx_word' id='word_1_135' title='bbox 1980 2082 2326 2171; x_wconf 89' lang='lat' dir='ltr'><strong>aliquanto</strong></span> <span class='ocrx_word' id='word_1_136' title='bbox 2405 2081 2648 2168; x_wconf 90' lang='lat' dir='ltr'><strong>minus,</strong></span> 
     </span>
     <span class='ocr_line' id='line_1_17' title="bbox 406 2182 2648 2279; baseline 0 -26"><span class='ocrx_word' id='word_1_137' title='bbox 406 2207 614 2276; x_wconf 90' lang='lat' dir='ltr'><strong>quam</strong></span> <span class='ocrx_word' id='word_1_138' title='bbox 685 2183 1052 2275; x_wconf 86' lang='lat' dir='ltr'><strong>Euripides</strong></span> <span class='ocrx_word' id='word_1_139' title='bbox 1071 2232 1093 2271; x_wconf 84' lang='lat'>‚</span> <span class='ocrx_word' id='word_1_140' title='bbox 1174 2183 1245 2253; x_wconf 90' lang='lat' dir='ltr'><strong>in</strong></span> <span class='ocrx_word' id='word_1_141' title='bbox 1328 2182 1577 2253; x_wconf 86' lang='lat' dir='ltr'><strong>scholis</strong></span> <span class='ocrx_word' id='word_1_142' title='bbox 1653 2186 2255 2279; x_wconf 87' lang='lat' dir='ltr'><strong>grammaticorum</strong></span> <span class='ocrx_word' id='word_1_143' title='bbox 2329 2193 2648 2256; x_wconf 90' lang='lat' dir='ltr'><strong>tractatus</strong></span> 
     </span>
     <span class='ocr_line' id='line_1_18' title="bbox 404 2287 2648 2382; baseline -0 -24"><span class='ocrx_word' id='word_1_144' title='bbox 404 2287 610 2358; x_wconf 84' lang='lat' dir='ltr'><strong>fuerit</strong></span> <span class='ocrx_word' id='word_1_145' title='bbox 627 2335 649 2374; x_wconf 85' lang='lat'>‚</span> <span class='ocrx_word' id='word_1_146' title='bbox 702 2297 1225 2360; x_wconf 88' lang='lat' dir='ltr'><strong>consentaneum</strong></span> <span class='ocrx_word' id='word_1_147' title='bbox 1276 2295 1408 2373; x_wconf 89' lang='lat' dir='ltr'><strong>est,</strong></span> <span class='ocrx_word' id='word_1_148' title='bbox 1462 2288 1663 2357; x_wconf 90' lang='lat' dir='ltr'><strong>etiam</strong></span> <span class='ocrx_word' id='word_1_149' title='bbox 1695 2288 2136 2382; x_wconf 88' lang='lat' dir='ltr'><strong>paucioribus</strong></span> <span class='ocrx_word' id='word_1_150' title='bbox 2184 2311 2342 2358; x_wconf 91' lang='lat' dir='ltr'><strong>eum</strong></span> <span class='ocrx_word' id='word_1_151' title='bbox 2367 2287 2483 2357; x_wconf 79' lang='lat' dir='ltr'><strong>vel</strong></span> <span class='ocrx_word' id='word_1_152' title='bbox 2516 2288 2648 2357; x_wconf 88' lang='lat' dir='ltr'><strong>ad-</strong></span> 
     </span>
    </p>
   </div>
   <div class='ocr_carea' id='block_1_5' title="bbox 229 2389 2649 2482">
    <p class='ocr_par' dir='ltr' id='par_1_5' title="bbox 229 2389 2649 2482">
     <span class='ocr_line' id='line_1_19' title="bbox 229 2389 2649 2482; baseline 0.002 -25"><span class='ocrx_word' id='word_1_153' title='bbox 229 2413 233 2426; x_wconf 92' lang='lat'><strong>·</strong></span> <span class='ocrx_word' id='word_1_154' title='bbox 315 2451 321 2457; x_wconf 88' lang='lat'><em>.</em></span> <span class='ocrx_word' id='word_1_155' title='bbox 401 2389 855 2461; x_wconf 88' lang='lat' dir='ltr'><strong>notationibus</strong></span> <span class='ocrx_word' id='word_1_156' title='bbox 870 2440 895 2478; x_wconf 88' lang='lat'>‚</span> <span class='ocrx_word' id='word_1_157' title='bbox 972 2391 1083 2461; x_wconf 85' lang='lat' dir='ltr'><strong>vel</strong></span> <span class='ocrx_word' id='word_1_158' title='bbox 1129 2389 1758 2482; x_wconf 86' lang='lat' dir='ltr'><strong>interpolationibus</strong></span> <span class='ocrx_word' id='word_1_159' title='bbox 1776 2441 1797 2478; x_wconf 92' lang='lat'>‚</span> <span class='ocrx_word' id='word_1_160' title='bbox 1880 2391 1992 2461; x_wconf 81' lang='lat' dir='ltr'><strong>vel</strong></span> <span class='ocrx_word' id='word_1_161' title='bbox 2032 2391 2314 2460; x_wconf 88' lang='lat' dir='ltr'><strong>insititiis</strong></span> <span class='ocrx_word' id='word_1_162' title='bbox 2347 2392 2649 2462; x_wconf 78' lang='lat' dir='ltr'><strong>versibus</strong></span> 
     </span>
    </p>
   </div>
   <div class='ocr_carea' id='block_1_6' title="bbox 400 2494 2649 3003">
    <p class='ocr_par' dir='ltr' id='par_1_6' title="bbox 400 2494 2649 3003">
     <span class='ocr_line' id='line_1_20' title="bbox 405 2494 2649 2588; baseline -0.001 -23"><span class='ocrx_word' id='word_1_163' title='bbox 405 2518 544 2565; x_wconf 89' lang='lat' dir='ltr'><strong>esse</strong></span> <span class='ocrx_word' id='word_1_164' title='bbox 584 2503 996 2587; x_wconf 86' lang='lat' dir='ltr'><strong>corruptum.</strong></span> <span class='ocrx_word' id='word_1_165' title='bbox 1098 2495 1208 2563; x_wconf 81' lang='lat' dir='ltr'><strong>Ex</strong></span> <span class='ocrx_word' id='word_1_166' title='bbox 1256 2515 1397 2584; x_wconf 90' lang='lat' dir='ltr'><strong>quo</strong></span> <span class='ocrx_word' id='word_1_167' title='bbox 1436 2494 1728 2587; x_wconf 86' lang='lat' dir='ltr'><strong>intelligi</strong></span> <span class='ocrx_word' id='word_1_168' title='bbox 1763 2502 1991 2588; x_wconf 86' lang='lat' dir='ltr'><strong>potest</strong></span> <span class='ocrx_word' id='word_1_169' title='bbox 2007 2541 2029 2580; x_wconf 84' lang='lat'>‚</span> <span class='ocrx_word' id='word_1_170' title='bbox 2079 2515 2218 2563; x_wconf 90' lang='lat' dir='ltr'><strong>non</strong></span> <span class='ocrx_word' id='word_1_171' title='bbox 2255 2496 2409 2564; x_wconf 88' lang='lat' dir='ltr'><strong>satis</strong></span> <span class='ocrx_word' id='word_1_172' title='bbox 2450 2504 2649 2565; x_wconf 88' lang='lat' dir='ltr'><strong>caute</strong></span> 
     </span>
     <span class='ocr_line' id='line_1_21' title="bbox 403 2595 2646 2691; baseline 0 -25"><span class='ocrx_word' id='word_1_173' title='bbox 403 2597 674 2684; x_wconf 85' lang='lat' dir='ltr'><strong>fecisse,</strong></span> <span class='ocrx_word' id='word_1_174' title='bbox 762 2598 882 2687; x_wconf 87' lang='lat' dir='ltr'><strong>qui</strong></span> <span class='ocrx_word' id='word_1_175' title='bbox 946 2597 1275 2691; x_wconf 89' lang='lat' dir='ltr'><strong>plurimos</strong></span> <span class='ocrx_word' id='word_1_176' title='bbox 1349 2595 1549 2666; x_wconf 91' lang='lat' dir='ltr'><strong>huius</strong></span> <span class='ocrx_word' id='word_1_177' title='bbox 1624 2609 1875 2691; x_wconf 89' lang='lat' dir='ltr'><strong>poetae</strong></span> <span class='ocrx_word' id='word_1_178' title='bbox 1946 2619 2171 2667; x_wconf 85' lang='lat' dir='ltr'><strong>versus</strong></span> <span class='ocrx_word' id='word_1_179' title='bbox 2246 2606 2324 2668; x_wconf 92' lang='lat' dir='ltr'><strong>ut</strong></span> <span class='ocrx_word' id='word_1_180' title='bbox 2380 2599 2646 2691; x_wconf 87' lang='lat' dir='ltr'><strong>spurios</strong></span> 
     </span>
     <span class='ocr_line' id='line_1_22' title="bbox 405 2695 2647 2794; baseline 0 -24"><span class='ocrx_word' id='word_1_181' title='bbox 405 2701 822 2771; x_wconf 85' lang='lat' dir='ltr'><strong>damnarunt.</strong></span> <span class='ocrx_word' id='word_1_182' title='bbox 947 2702 1128 2771; x_wconf 89' lang='lat' dir='ltr'><strong>Nam</strong></span> <span class='ocrx_word' id='word_1_183' title='bbox 1180 2708 1258 2769; x_wconf 91' lang='lat' dir='ltr'><strong>ut</strong></span> <span class='ocrx_word' id='word_1_184' title='bbox 1323 2702 1532 2770; x_wconf 88' lang='lat' dir='ltr'><strong>semel</strong></span> <span class='ocrx_word' id='word_1_185' title='bbox 1576 2701 1907 2772; x_wconf 86' lang='lat' dir='ltr'><strong>iterumve</strong></span> <span class='ocrx_word' id='word_1_186' title='bbox 1950 2700 2201 2771; x_wconf 89' lang='lat' dir='ltr'><strong>alienus</strong></span> <span class='ocrx_word' id='word_1_187' title='bbox 2254 2701 2442 2794; x_wconf 88' lang='lat' dir='ltr'><strong>apud</strong></span> <span class='ocrx_word' id='word_1_188' title='bbox 2488 2695 2647 2772; x_wconf 89' lang='lat' dir='ltr'><strong>eum</strong></span> 
     </span>
     <span class='ocr_line' id='line_1_23' title="bbox 401 2802 2646 2901; baseline -0 -25"><span class='ocrx_word' id='word_1_189' title='bbox 401 2828 625 2876; x_wconf 83' lang='lat' dir='ltr'><strong>versus</strong></span> <span class='ocrx_word' id='word_1_190' title='bbox 670 2805 1047 2897; x_wconf 91' lang='lat' dir='ltr'><strong>reperiatur</strong></span> <span class='ocrx_word' id='word_1_191' title='bbox 1061 2851 1084 2890; x_wconf 88' lang='lat'>‚</span> <span class='ocrx_word' id='word_1_192' title='bbox 1134 2803 1342 2872; x_wconf 78' lang='lat' dir='ltr'><strong>veluti</strong></span> <span class='ocrx_word' id='word_1_193' title='bbox 1384 2804 1456 2872; x_wconf 92' lang='lat' dir='ltr'><strong>in</strong></span> <span class='ocrx_word' id='word_1_194' title='bbox 1498 2806 1719 2876; x_wconf 86' lang='lat' dir='ltr'><strong>Persis</strong></span> <span class='ocrx_word' id='word_1_195' title='bbox 1757 2814 1917 2901; x_wconf 58' lang='lat' dir='ltr'><strong>poa</strong></span> <span class='ocrx_word' id='word_1_196' title='bbox 1957 2828 2021 2875; x_wconf 78' lang='lat' dir='ltr'><strong>v.</strong></span> <span class='ocrx_word' id='word_1_197' title='bbox 2062 2802 2239 2875; x_wconf 78' lang='lat'><strong>253.</strong></span> <span class='ocrx_word' id='word_1_198' title='bbox 2287 2806 2449 2875; x_wconf 89' lang='lat' dir='ltr'><strong>libri</strong></span> <span class='ocrx_word' id='word_1_199' title='bbox 2490 2805 2646 2898; x_wconf 86' lang='lat' dir='ltr'><strong>qui·-</strong></span> 
     </span>
     <span class='ocr_line' id='line_1_24' title="bbox 400 2907 1639 3003; baseline -0.001 -24"><span class='ocrx_word' id='word_1_200' title='bbox 400 2907 564 2979; x_wconf 84' lang='lat' dir='ltr'><strong>dam</strong></span> <span class='ocrx_word' id='word_1_201' title='bbox 602 2908 975 3003; x_wconf 89' lang='lat' dir='ltr'><strong>Sophoclis</strong></span> <span class='ocrx_word' id='word_1_202' title='bbox 1007 2930 1272 2978; x_wconf 78' lang='lat' dir='ltr'><strong>versum</strong></span> <span class='ocrx_word' id='word_1_203' title='bbox 1308 2907 1639 2997; x_wconf 88' lang='lat' dir='ltr'><strong>inserunt,</strong></span> 
     </span>
    </p>
   </div>
   <div class='ocr_carea' id='block_1_7' title="bbox 706 3054 2368 3168">
    <p class='ocr_par' dir='ltr' id='par_1_7' title="bbox 706 3054 2368 3168">
     <span class='ocr_line' id='line_1_25' title="bbox 706 3054 2368 3168; baseline 0.001 -30"><span class='ocrx_word' id='word_1_204' title='bbox 706 3062 992 3162; x_wconf 75' lang='grc' dir='ltr'><strong>στέργει</strong></span> <span class='ocrx_word' id='word_1_205' title='bbox 1036 3054 1177 3161; x_wconf 70' lang='grc' dir='ltr'><strong>γοῖρ</strong></span> <span class='ocrx_word' id='word_1_206' title='bbox 1229 3056 1465 3145; x_wconf 77' lang='grc' dir='ltr'><em>οὐδεὶς</em></span> <span class='ocrx_word' id='word_1_207' title='bbox 1514 3059 1820 3168; x_wconf 60' lang='grc' dir='ltr'><strong>ἅγγρλον</strong></span> <span class='ocrx_word' id='word_1_208' title='bbox 1863 3062 2100 3138; x_wconf 69' lang='grc' dir='ltr'><strong><em>κακῶν</em></strong></span> <span class='ocrx_word' id='word_1_209' title='bbox 2141 3063 2368 3155; x_wconf 71' lang='grc' dir='ltr'><strong><em>ἐπῶν,</em></strong></span> 
     </span>
    </p>
   </div>
   <div class='ocr_carea' id='block_1_8' title="bbox 393 3212 2645 4243">
    <p class='ocr_par' dir='ltr' id='par_1_8' title="bbox 393 3212 2645 4243">
     <span class='ocr_line' id='line_1_26' title="bbox 399 3212 2639 3310; baseline -0.001 -23"><span class='ocrx_word' id='word_1_210' title='bbox 399 3240 604 3310; x_wconf 90' lang='lat' dir='ltr'><strong>quem</strong></span> <span class='ocrx_word' id='word_1_211' title='bbox 658 3218 729 3286; x_wconf 88' lang='lat' dir='ltr'><strong>in</strong></span> <span class='ocrx_word' id='word_1_212' title='bbox 777 3239 1051 3289; x_wconf 82' lang='lat' dir='ltr'><strong>censum</strong></span> <span class='ocrx_word' id='word_1_213' title='bbox 1106 3216 1380 3287; x_wconf 86' lang='lat' dir='ltr'><strong>veniunt</strong></span> <span class='ocrx_word' id='word_1_214' title='bbox 1419 3216 1491 3286; x_wconf 90' lang='lat' dir='ltr'><strong>in</strong></span> <span class='ocrx_word' id='word_1_215' title='bbox 1541 3216 1787 3287; x_wconf 89' lang='lat' dir='ltr'><strong>eadem</strong></span> <span class='ocrx_word' id='word_1_216' title='bbox 1826 3216 2059 3288; x_wconf 85' lang='lat' dir='ltr'><strong>fabula</strong></span> <span class='ocrx_word' id='word_1_217' title='bbox 2102 3218 2308 3288; x_wconf 88' lang='lat' dir='ltr'><strong>etiam</strong></span> <span class='ocrx_word' id='word_1_218' title='bbox 2352 3238 2419 3285; x_wconf 84' lang='lat' dir='ltr'><strong>v.</strong></span> <span class='ocrx_word' id='word_1_219' title='bbox 2465 3212 2639 3287; x_wconf 70' lang='lat'><strong>78⁰.</strong></span> 
     </span>
     <span class='ocr_line' id='line_1_27' title="bbox 403 3318 2645 3415; baseline -0.002 -23"><span class='ocrx_word' id='word_1_220' title='bbox 403 3331 472 3393; x_wconf 92' lang='lat' dir='ltr'><strong>et</strong></span> <span class='ocrx_word' id='word_1_221' title='bbox 528 3322 599 3391; x_wconf 90' lang='lat' dir='ltr'><strong>in</strong></span> <span class='ocrx_word' id='word_1_222' title='bbox 663 3322 854 3415; x_wconf 88' lang='lat' dir='ltr'><strong>Sept.</strong></span> <span class='ocrx_word' id='word_1_223' title='bbox 909 3320 1001 3390; x_wconf 94' lang='lat' dir='ltr'><strong>ad</strong></span> <span class='ocrx_word' id='word_1_224' title='bbox 1050 3319 1196 3395; x_wconf 86' lang='lat' dir='ltr'><strong>Th.</strong></span> <span class='ocrx_word' id='word_1_225' title='bbox 1249 3342 1315 3389; x_wconf 78' lang='lat' dir='ltr'><strong>v.</strong></span> <span class='ocrx_word' id='word_1_226' title='bbox 1366 3318 1541 3390; x_wconf 70' lang='lat'><strong>6⁰7.</strong></span> <span class='ocrx_word' id='word_1_227' title='bbox 1610 3330 1681 3389; x_wconf 89' lang='lat' dir='ltr'><strong>at</strong></span> <span class='ocrx_word' id='word_1_228' title='bbox 1728 3321 2076 3413; x_wconf 88' lang='lat' dir='ltr'><strong>plerisque</strong></span> <span class='ocrx_word' id='word_1_229' title='bbox 2133 3322 2204 3391; x_wconf 87' lang='lat' dir='ltr'><strong>in</strong></span> <span class='ocrx_word' id='word_1_230' title='bbox 2255 3320 2454 3406; x_wconf 85' lang='lat' dir='ltr'><strong>loeis,</strong></span> <span class='ocrx_word' id='word_1_231' title='bbox 2525 3319 2645 3409; x_wconf 89' lang='lat' dir='ltr'><strong>qui</strong></span> 
     </span>
     <span class='ocr_line' id='line_1_28' title="bbox 400 3421 2644 3518; baseline -0.002 -23"><span class='ocrx_word' id='word_1_232' title='bbox 400 3425 688 3495; x_wconf 81' lang='lat' dir='ltr'><strong>maxime</strong></span> <span class='ocrx_word' id='word_1_233' title='bbox 739 3422 946 3518; x_wconf 88' lang='lat' dir='ltr'><strong>spurii</strong></span> <span class='ocrx_word' id='word_1_234' title='bbox 993 3424 1118 3495; x_wconf 83' lang='lat' dir='ltr'><strong>visi</strong></span> <span class='ocrx_word' id='word_1_235' title='bbox 1161 3432 1312 3493; x_wconf 88' lang='lat' dir='ltr'><strong>sunt</strong></span> <span class='ocrx_word' id='word_1_236' title='bbox 1357 3447 1584 3495; x_wconf 81' lang='lat' dir='ltr'><strong>versus</strong></span> <span class='ocrx_word' id='word_1_237' title='bbox 1600 3435 1631 3511; x_wconf 83' lang='lat'><strong>‚&#39;</strong></span> <span class='ocrx_word' id='word_1_238' title='bbox 1701 3447 1841 3494; x_wconf 86' lang='lat' dir='ltr'><strong>non</strong></span> <span class='ocrx_word' id='word_1_239' title='bbox 1888 3426 2013 3495; x_wconf 89' lang='lat' dir='ltr'><strong>nisi</strong></span> <span class='ocrx_word' id='word_1_240' title='bbox 2072 3434 2188 3494; x_wconf 90' lang='lat' dir='ltr'><strong>aut</strong></span> <span class='ocrx_word' id='word_1_241' title='bbox 2237 3421 2644 3515; x_wconf 69' lang='lat' dir='ltr'><strong>interpreta-</strong></span> 
     </span>
     <span class='ocr_line' id='line_1_29' title="bbox 398 3525 2640 3621; baseline -0.002 -23"><span class='ocrx_word' id='word_1_242' title='bbox 398 3529 581 3599; x_wconf 89' lang='lat' dir='ltr'><strong>tione</strong></span> <span class='ocrx_word' id='word_1_243' title='bbox 614 3531 820 3615; x_wconf 90' lang='lat' dir='ltr'><strong>iusta‚</strong></span> <span class='ocrx_word' id='word_1_244' title='bbox 891 3537 1008 3598; x_wconf 93' lang='lat' dir='ltr'><strong>aut</strong></span> <span class='ocrx_word' id='word_1_245' title='bbox 1051 3536 1215 3621; x_wconf 88' lang='lat' dir='ltr'><strong>apta</strong></span> <span class='ocrx_word' id='word_1_246' title='bbox 1261 3528 1733 3598; x_wconf 87' lang='lat' dir='ltr'><strong>emendatione</strong></span> <span class='ocrx_word' id='word_1_247' title='bbox 1749 3576 1771 3615; x_wconf 89' lang='lat'>,</span> <span class='ocrx_word' id='word_1_248' title='bbox 1840 3538 1956 3598; x_wconf 88' lang='lat' dir='ltr'><strong>aut</strong></span> <span class='ocrx_word' id='word_1_249' title='bbox 1982 3528 2399 3599; x_wconf 86' lang='lat' dir='ltr'><strong>restitutione</strong></span> <span class='ocrx_word' id='word_1_250' title='bbox 2426 3527 2497 3594; x_wconf 89' lang='lat' dir='ltr'><strong>in</strong></span> <span class='ocrx_word' id='word_1_251' title='bbox 2526 3525 2640 3594; x_wconf 93' lang='lat' dir='ltr'><strong>lo-</strong></span> 
     </span>
     <span class='ocr_line' id='line_1_30' title="bbox 402 3632 2638 3726; baseline -0.001 -22"><span class='ocrx_word' id='word_1_252' title='bbox 402 3655 559 3706; x_wconf 87' lang='lat' dir='ltr'><strong>cum</strong></span> <span class='ocrx_word' id='word_1_253' title='bbox 598 3656 794 3702; x_wconf 90' lang='lat' dir='ltr'><strong>suum</strong></span> <span class='ocrx_word' id='word_1_254' title='bbox 848 3632 1190 3726; x_wconf 83' lang='lat' dir='ltr'><strong>indigent,</strong></span> <span class='ocrx_word' id='word_1_255' title='bbox 1253 3639 1329 3700; x_wconf 88' lang='lat' dir='ltr'><strong>ut</strong></span> <span class='ocrx_word' id='word_1_256' title='bbox 1366 3632 1657 3701; x_wconf 83' lang='lat' dir='ltr'><strong>maxime</strong></span> <span class='ocrx_word' id='word_1_257' title='bbox 1706 3633 2039 3726; x_wconf 85' lang='lat' dir='ltr'><strong>genuinos</strong></span> <span class='ocrx_word' id='word_1_258' title='bbox 2085 3653 2230 3701; x_wconf 87' lang='lat' dir='ltr'><strong>esse</strong></span> <span class='ocrx_word' id='word_1_259' title='bbox 2284 3637 2638 3723; x_wconf 85' lang='lat' dir='ltr'><strong>appareat.</strong></span> 
     </span>
     <span class='ocr_line' id='line_1_31' title="bbox 399 3732 2639 3828; baseline -0.002 -23"><span class='ocrx_word' id='word_1_260' title='bbox 399 3734 591 3823; x_wconf 79' lang='lat' dir='ltr'><strong>Quin·</strong></span> <span class='ocrx_word' id='word_1_261' title='bbox 607 3759 821 3826; x_wconf 89' lang='lat' dir='ltr'><strong>quum</strong></span> <span class='ocrx_word' id='word_1_262' title='bbox 848 3737 1115 3828; x_wconf 90' lang='lat' dir='ltr'><strong>saepius</strong></span> <span class='ocrx_word' id='word_1_263' title='bbox 1147 3733 1334 3828; x_wconf 88' lang='lat' dir='ltr'><strong>apud</strong></span> <span class='ocrx_word' id='word_1_264' title='bbox 1361 3734 1785 3827; x_wconf 82' lang='lat' dir='ltr'><strong>Aeschylum</strong></span> <span class='ocrx_word' id='word_1_265' title='bbox 1815 3733 2224 3820; x_wconf 84' lang='lat' dir='ltr'><strong>omittendo,</strong></span> <span class='ocrx_word' id='word_1_266' title='bbox 2274 3756 2483 3824; x_wconf 91' lang='lat' dir='ltr'><strong>quam</strong></span> <span class='ocrx_word' id='word_1_267' title='bbox 2508 3732 2639 3809; x_wconf 81' lang='lat' dir='ltr'><strong>ad-</strong></span> 
     </span>
     <span class='ocr_line' id='line_1_32' title="bbox 395 3838 2639 3931; baseline -0.001 -24"><span class='ocrx_word' id='word_1_268' title='bbox 395 3838 627 3909; x_wconf 88' lang='lat' dir='ltr'><strong>dendo</strong></span> <span class='ocrx_word' id='word_1_269' title='bbox 671 3849 1035 3931; x_wconf 88' lang='lat' dir='ltr'><strong>peccatum</strong></span> <span class='ocrx_word' id='word_1_270' title='bbox 1093 3840 1210 3927; x_wconf 85' lang='lat' dir='ltr'><strong>sit,</strong></span> <span class='ocrx_word' id='word_1_271' title='bbox 1275 3847 1374 3908; x_wconf 86' lang='lat' dir='ltr'><strong>est</strong></span> <span class='ocrx_word' id='word_1_272' title='bbox 1418 3840 1622 3909; x_wconf 91' lang='lat' dir='ltr'><strong>etiam</strong></span> <span class='ocrx_word' id='word_1_273' title='bbox 1638 3888 1661 3925; x_wconf 88' lang='lat'>‚</span> <span class='ocrx_word' id='word_1_274' title='bbox 1738 3839 1860 3908; x_wconf 88' lang='lat' dir='ltr'><strong>ubi</strong></span> <span class='ocrx_word' id='word_1_275' title='bbox 1907 3838 2167 3907; x_wconf 85' lang='lat' dir='ltr'><strong>hiatum</strong></span> <span class='ocrx_word' id='word_1_276' title='bbox 2218 3858 2359 3907; x_wconf 91' lang='lat' dir='ltr'><strong>non</strong></span> <span class='ocrx_word' id='word_1_277' title='bbox 2414 3838 2639 3907; x_wconf 89' lang='lat' dir='ltr'><strong>solum</strong></span> 
     </span>
     <span class='ocr_line' id='line_1_33' title="bbox 399 3940 2639 4037; baseline -0.001 -25"><span class='ocrx_word' id='word_1_278' title='bbox 399 3944 929 4014; x_wconf 85' lang='lat' dir='ltr'><strong>animadvertere</strong></span> <span class='ocrx_word' id='word_1_279' title='bbox 946 3993 969 4030; x_wconf 87' lang='lat'>‚</span> <span class='ocrx_word' id='word_1_280' title='bbox 1035 3943 1157 4013; x_wconf 92' lang='lat' dir='ltr'><strong>sed</strong></span> <span class='ocrx_word' id='word_1_281' title='bbox 1201 3942 1403 4012; x_wconf 85' lang='lat' dir='ltr'><strong>etiam</strong></span> <span class='ocrx_word' id='word_1_282' title='bbox 1440 3945 1716 4037; x_wconf 81' lang='lat' dir='ltr'><strong>explere</strong></span> <span class='ocrx_word' id='word_1_283' title='bbox 1755 3942 2007 4034; x_wconf 86' lang='lat' dir='ltr'><strong>possis,</strong></span> <span class='ocrx_word' id='word_1_284' title='bbox 2054 3940 2418 4012; x_wconf 88' lang='lat' dir='ltr'><strong>inserendis</strong></span> <span class='ocrx_word' id='word_1_285' title='bbox 2431 3993 2454 4030; x_wconf 87' lang='lat'>‚</span> <span class='ocrx_word' id='word_1_286' title='bbox 2518 3942 2639 4031; x_wconf 89' lang='lat' dir='ltr'><strong>qui</strong></span> 
     </span>
     <span class='ocr_line' id='line_1_34' title="bbox 394 4044 2639 4142; baseline -0.001 -28"><span class='ocrx_word' id='word_1_287' title='bbox 394 4046 695 4140; x_wconf 81' lang='lat' dir='ltr'><strong>neglecti</strong></span> <span class='ocrx_word' id='word_1_288' title='bbox 723 4049 811 4116; x_wconf 90' lang='lat' dir='ltr'><strong>ab</strong></span> <span class='ocrx_word' id='word_1_289' title='bbox 843 4047 1128 4117; x_wconf 90' lang='lat' dir='ltr'><strong>librariis</strong></span> <span class='ocrx_word' id='word_1_290' title='bbox 1170 4047 1463 4142; x_wconf 77' lang='lat' dir='ltr'><strong>fuerunt,</strong></span> <span class='ocrx_word' id='word_1_291' title='bbox 1514 4047 1834 4117; x_wconf 86' lang='lat' dir='ltr'><strong>versibus.</strong></span> <span class='ocrx_word' id='word_1_292' title='bbox 1936 4046 2177 4119; x_wconf 83' lang='lat' dir='ltr'><strong>Placet</strong></span> <span class='ocrx_word' id='word_1_293' title='bbox 2201 4045 2471 4141; x_wconf 79' lang='lat' dir='ltr'><strong>singula</strong></span> <span class='ocrx_word' id='word_1_294' title='bbox 2496 4044 2639 4113; x_wconf 88' lang='lat' dir='ltr'><strong>ho-</strong></span> 
     </span>
     <span class='ocr_line' id='line_1_35' title="bbox 393 4150 1889 4243; baseline -0.001 -23"><span class='ocrx_word' id='word_1_295' title='bbox 393 4173 547 4220; x_wconf 88' lang='lat' dir='ltr'><strong>rum</strong></span> <span class='ocrx_word' id='word_1_296' title='bbox 578 4173 716 4221; x_wconf 90' lang='lat' dir='ltr'><strong>uno</strong></span> <span class='ocrx_word' id='word_1_297' title='bbox 756 4152 1058 4222; x_wconf 80' lang='lat' dir='ltr'><strong>alterove</strong></span> <span class='ocrx_word' id='word_1_298' title='bbox 1103 4151 1420 4243; x_wconf 77' lang='lat' dir='ltr'><strong>exemplo</strong></span> <span class='ocrx_word' id='word_1_299' title='bbox 1464 4150 1889 4221; x_wconf 87' lang='lat' dir='ltr'><strong>confirmare.</strong></span> 
     </span>
    </p>
   </div>
   <div class='ocr_carea' id='block_1_9' title="bbox 592 4302 1815 4402">
    <p class='ocr_par' dir='ltr' id='par_1_9' title="bbox 592 4302 1815 4402">
     <span class='ocr_line' id='line_1_36' title="bbox 592 4302 1815 4402; baseline -0.002 -25"><span class='ocrx_word' id='word_1_300' title='bbox 592 4305 1125 4402; x_wconf 68' lang='lat' dir='ltr'><strong>Agamemnonis</strong></span> <span class='ocrx_word' id='word_1_301' title='bbox 1173 4302 1316 4376; x_wconf 89' lang='lat' dir='ltr'><strong>hoe</strong></span> <span class='ocrx_word' id='word_1_302' title='bbox 1369 4312 1469 4374; x_wconf 87' lang='lat' dir='ltr'><strong>est</strong></span> <span class='ocrx_word' id='word_1_303' title='bbox 1514 4304 1815 4374; x_wconf 82' lang='lat' dir='ltr'><strong>initium:</strong></span> 
     </span>
    </p>
   </div>
   <div class='ocr_carea' id='block_1_10' title="bbox 614 4449 2366 4557">
    <p class='ocr_par' dir='ltr' id='par_1_10' title="bbox 614 4449 2366 4557">
     <span class='ocr_line' id='line_1_37' title="bbox 614 4449 2366 4557; baseline -0.003 -21"><span class='ocrx_word' id='word_1_304' title='bbox 614 4489 619 4496; x_wconf 72' lang='grc'><em>’</em></span> <span class='ocrx_word' id='word_1_305' title='bbox 695 4454 921 4545; x_wconf 66' lang='grc' dir='ltr'><strong>θεοὺς</strong></span> <span class='ocrx_word' id='word_1_306' title='bbox 968 4460 1110 4556; x_wconf 67' lang='grc' dir='ltr'><strong>μὲν</strong></span> <span class='ocrx_word' id='word_1_307' title='bbox 1165 4460 1351 4538; x_wconf 68' lang='grc' dir='ltr'><strong><em>αἰτοῖ</em></strong></span> <span class='ocrx_word' id='word_1_308' title='bbox 1393 4455 1623 4538; x_wconf 70' lang='grc' dir='ltr'><strong>τῶνδ’·</strong></span> <span class='ocrx_word' id='word_1_309' title='bbox 1653 4450 2079 4557; x_wconf 65' lang='grc' dir='ltr'><strong><em>ἀπαλλαγήν</em></strong></span> <span class='ocrx_word' id='word_1_310' title='bbox 2124 4449 2366 4533; x_wconf 74' lang='grc' dir='ltr'>πόνων</span> 
     </span>
    </p>
   </div>
  </div>
 </body>
</html>
