3325 5317
878 487 1358 553 THEsAvm
1420 445 2088 551 summum.
2468 493 2600 560 219

358 663 552 752 abest
592 660 778 732 hunc
829 670 903 730 ut
961 661 1375 753 superaverit
1424 660 1779 751 quisquam
1842 668 1961 730 aut
2019 662 2405 750 aequaverit
2418 709 2440 746 ‚
2501 671 2597 747 ut,

355 789 570 858 quum
599 788 832 835 omnes
868 765 1080 857 longe
1121 787 1204 835 eo
1244 765 1594 835 inferiores
1636 788 1781 833 esse
1819 772 2182 856 appareat,
2264 764 2504 855 optimi
2551 766 2601 833 ii

357 870 712 938 videantur
760 892 935 955 esse,
988 869 1105 959 qui
1142 868 1317 937 nihil
1369 868 1491 937 uisi
1544 869 1615 936 in
1655 866 2143 957 compendium
2185 867 2598 960 redegerunt
2668 953 2671 960 J

356 970 562 1042 huius
602 972 1054 1042 Thesaurum.
1155 971 1427 1043 Etenim
1469 971 1737 1063 duplex
1779 971 2069 1038 maxime
2114 993 2303 1039 error
2349 971 2418 1038 in
2457 971 2601 1041 hoc

359 1076 548 1144 omui
586 1075 867 1168 negotio
918 1074 1249 1146 dominari
1294 1076 1486 1144 solet.
1582 1074 1724 1144 Alii
1771 1074 1947 1145 euim
1979 1075 2253 1164 copiam
2296 1075 2602 1143 vocabu-

357 1180 583 1248 lorum
628 1180 999 1271 praecipue
1043 1187 1539 1263 consectantur,
1589 1178 1659 1247 in
1702 1199 1840 1267 qua
1883 1186 1982 1246 est
2031 1177 2307 1266 quidem
2352 1177 2601 1268 aliqua,

359 1280 484 1351 sed
510 1304 645 1354 non
677 1281 994 1374 primaria
1023 1282 1226 1352 virtus
1254 1283 1473 1374 posita
1500 1281 1874 1352 lexicorum
1891 1328 1913 1365 ‚
1964 1281 2358 1371 praesertim
2390 1305 2602 1371 quum
2734 1359 2740 1366 ,

357 1386 694 1477 pleraque
736 1385 936 1455 huius
967 1386 1231 1477 generis
1255 1387 1669 1455 incrementa
1689 1384 1758 1453 in
1787 1385 2006 1453 verbis
2050 1385 2161 1452 vel
2209 1386 2601 1477 compositis

359 1488 474 1558 vel
503 1489 864 1557 flexionum
893 1491 1214 1572 varietate
1240 1487 1698 1579 multiplicatis
1728 1488 2118 1569 consistant:
2167 1511 2343 1577 quae
2392 1511 2601 1577 quum

363 1592 567 1661 etiam
596 1592 737 1661 siue
765 1592 1129 1683 interprete
1161 1592 1366 1663 facile
1406 1592 1869 1683 intelligantur
1884 1639 1905 1676 ‚
1963 1592 2180 1659 minus
2209 1590 2602 1661 desideran-

359 1703 470 1764 tur
504 1695 763 1764 omissa.
866 1696 1007 1764 Alii
1040 1704 1266 1764 autem
1293 1696 1417 1765 toti
1445 1718 1519 1765 se
1546 1695 1639 1763 ad
1671 1695 1968 1787 origines
2003 1696 2365 1763 verborum
2400 1694 2602 1763 inda-

360 1798 623 1892 gandas
677 1792 1053 1884 dederuut,
1140 1800 1329 1889 quod
1387 1798 1593 1867 valde
1656 1789 1931 1888 quidem
1990 1797 2410 1867 laudandum
2479 1808 2602 1887 est,

362 1903 525 1991 quia
575 1901 750 1972 haec
795 1903 1054 1993 optima
1109 1910 1208 1971 est
1253 1912 1324 1972 et
1361 1902 1746 1993 planissima
1785 1902 1896 1969 via
1948 1901 2038 1968 ad
2084 1903 2604 1994 significationes

364 2005 856 2074 constituendas
874 2053 895 2089 ‚
965 2005 1088 2073 sed
1141 2006 1264 2074 nisi
1319 2004 1695 2075 admodum
1759 2014 1954 2075 caute
2002 2013 2070 2074 et
2117 2007 2604 2098 circumspecte

362 2107 543 2178 haec
568 2110 742 2177 ratio
771 2108 1205 2194 adhibeatur,
1260 2110 1434 2201 plus·
1455 2109 1686 2176 damni
1715 2130 1798 2176 ex
1827 2131 1908 2176 ea
1924 2155 1946 2193 ,
1998 2131 2204 2196 quam
2229 2109 2413 2190 lucri,
2440 2108 2604 2177 red-

364 2213 623 2280 undare
657 2213 846 2280 solet.
955 2211 1184 2297 Quam
1236 2213 1448 2282 multa
1486 2212 1665 2280 enim
1708 2211 2047 2281 vocabula
2072 2212 2142 2279 in
2179 2213 2408 2281 lexicis
2446 2211 2602 2302 qui-

363 2314 653 2385 busdam
694 2311 1000 2407 propter*
1025 2314 1211 2383 illam
1251 2316 1579 2384 rationem
1608 2317 1721 2385 vel
1748 2315 1817 2382 in
1849 2315 2158 2384 ordinem
2188 2323 2467 2406 recepta
2498 2314 2603 2382 vi-
2680 2344 2691 2356 r

364 2418 637 2503 demna,
702 2421 814 2486 vel
863 2427 1391 2488 commemorata
1450 2428 1671 2505 certe,
1735 2440 1913 2506 quae
1956 2441 2093 2487 uon
2144 2420 2355 2488 modo
2400 2440 2602 2486 num-

361 2544 569 2612 quam
600 2522 670 2590 iu
696 2543 817 2590 usu
844 2520 1145 2606 fuerunt,
1175 2521 1321 2598 ‚sed
1350 2544 1669 2614 magnam
1698 2530 1962 2613 partem
2003 2522 2205 2590 etiam
2248 2521 2606 2612 analogiae

366 2635 434 2694 et
479 2625 751 2716 legibus
795 2625 1072 2717 linguae
1112 2636 1513 2717 repugnant.
1615 2626 1844 2706 Tanto
1890 2627 2111 2717 magis
2160 2647 2283 2693 nos
2327 2625 2603 2714 quidem

367 2751 575 2819 saepe
606 2728 915 2796 admirati
946 2751 1172 2802 sumus
1204 2730 1298 2797 H.
1328 2727 1756 2820 Stephanum
1769 2776 1790 2814 ‚
1842 2730 2028 2797 cuius
2058 2728 2328 2800 lexicon
2373 2736 2441 2797 et
2467 2727 2606 2795 vir-

365 2832 618 2900 tutibus
637 2879 659 2918 ,
736 2854 914 2921 quae
964 2834 1298 2902 maximae
1342 2833 1411 2900 in
1467 2832 1608 2902 ho‘c
1655 2855 1908 2924 genere
1951 2840 2137 2917 sunt,
2199 2833 2295 2901 ita
2337 2831 2610 2914 eminet,

365 2944 435 3004 et
463 2944 608 3003 tam
638 2935 934 3003 immune
976 2944 1075 3012 est
1112 2959 1155 3003 a
1192 2936 1397 3021 vitiis,
1447 2936 1519 3003 in
1557 2959 1734 3025 quae
1772 2936 2100 3004 facillime
2137 2937 2284 3023 quis
2309 2935 2609 3005 incidere

363 3045 624 3131 potest,
672 3046 750 3106 ut
789 3036 963 3105 illud
1007 3060 1145 3107 non
1175 3040 1387 3108 modo
1425 3061 1586 3109 vere
1616 3039 1954 3108 Thesauri
1984 3040 2258 3108 nomine
2297 3039 2605 3131 dignum,

279 3153 283 3157 “
365 3141 491 3210 sed
528 3141 735 3232 plane
782 3141 1081 3210 divinum
1113 3165 1287 3233 opus
1320 3165 1463 3212 esse
1501 3142 1827 3212 videatur.
1930 3146 2037 3215 Ac
2075 3152 2299 3212 nostra
2330 3141 2609 3233 quidem

365 3244 722 3331 sententia,
774 3244 894 3333 qui
929 3268 1092 3314 vere
1132 3257 1278 3316 rem
1321 3246 1673 3316 aestimare
1718 3248 2042 3336 voluerit,
2106 3256 2363 3317 tantam
2404 3247 2607 3315 fuisse

363 3348 457 3417 H.
495 3347 850 3438 Stephano
889 3349 1228 3443 intelliget
1270 3352 1547 3443 linguae
1583 3352 1895 3422 Graecae
1927 3353 2273 3420 scientiam
2286 3400 2307 3437 ‚
2362 3357 2608 3439 quanta

362 3452 477 3518 vix
519 3473 845 3541 umquam
870 3453 1015 3521 ullo
1046 3453 1176 3522 fuit
1219 3455 1291 3522 in
1319 3457 1457 3524 alio
1500 3455 1800 3524 homine.
1902 3457 2144 3544 Neque
2186 3456 2365 3523 enim
2409 3475 2610 3521 vere-

359 3576 519 3623 mur
534 3602 556 3639 ,
608 3578 694 3623 ue
725 3556 870 3645 quis
896 3555 1038 3626 hoc
1062 3557 1132 3625 in
1174 3557 1722 3628 Hemsterhusios
1771 3566 1886 3627 aut
1921 3557 2405 3627 Valckenarios
2420 3604 2442 3641 ‚
2495 3562 2610 3623 aut

365 3657 421 3726 si
471 3657 589 3746 qui
637 3660 750 3727 alii
782 3659 1032 3728 horum
1081 3660 1329 3730 similes
1371 3661 1783 3747 exstiterunt,
1827 3661 2116 3750 iniquius
2157 3660 2412 3730 dictum
2445 3680 2610 3727 cen-

366 3769 543 3844 seat,
607 3762 665 3829 si
703 3764 1113 3853 reputaverit
1126 3813 1146 3850 ‚
1212 3774 1459 3855 quanta
1498 3763 1609 3832 his
1653 3764 1957 3834 discendi
1985 3763 2370 3831 adiumenta
2398 3784 2609 3852 quum

368 3863 643 3933 aliunde
656 3914 678 3952 ,
726 3875 872 3936 tum
927 3868 1014 3935 ab
1057 3868 1206 3957 ipso
1256 3868 1607 3960 Stephano
1650 3870 1723 3937 in
1757 3876 2084 3961 promptu
2119 3867 2402 3949 fueriut3
2451 3867 2607 3935 Ste-
2695 3909 2699 3912 -

364 3968 677 4059 phanum
735 3978 957 4039 autem
976 4017 999 4056 ,
1079 3980 1351 4062 praeter
1402 3972 1674 4042 Budaei
1737 3972 2161 4065 praeclaram
2218 3992 2384 4040 sane
2436 3992 2611 4062 ope-

366 4094 550 4158 ram,
620 4073 734 4141 vix
794 4074 1201 4163 quidquam,
1255 4098 1460 4164 quam
1504 4076 1695 4165 quod
1751 4098 1871 4143 sua
1906 4077 2057 4167 ipse
2118 4075 2443 4143 industria
2485 4073 2610 4141 sibi

365 4185 672 4267 parasset
688 4223 711 4260 ‚
773 4175 1109 4248 habuisse.
1224 4180 1582 4248 Praeterea
1637 4180 1934 4271 graviter
1994 4190 2214 4248 errant
2230 4229 2250 4264 ‚
2317 4178 2434 4267 qui
2475 4178 2609 4244 lin-

367 4300 554 4372 guae
603 4280 946 4350 scientiam
990 4281 1060 4350 iu
1110 4304 1195 4351 eo
1243 4283 1491 4352 versari
1542 4292 1822 4372 putant,
1888 4293 1965 4352 ut
2017 4285 2177 4373 quis'
2226 4284 2434 4352 verba
2475 4281 2610 4347 sin-

371 4384 543 4474 gula
558 4431 581 4467 ‚
665 4384 1075 4476 significatus
1092 4433 1114 4470 ‚
1199 4387 1721 4457 constructiones
1796 4389 2118 4479 exemplis
2195 4384 2611 4457 communire

374 4485 604 4578 possit.
720 4488 900 4560 Nam
954 4489 1133 4561 haec
1185 4490 1464 4561 dimidia
1519 4499 1779 4562 tantum
1830 4514 1993 4586 pars
2047 4501 2147 4562 est
2197 4491 2366 4575 eius,
2433 4510 2611 4578 quae
2664 4485 2669 4492 ’
