3325 5317
727 464 817 528 48
886 460 1006 525 DE
1061 459 1466 524 LEGIBVS
1521 459 2084 537 QVIBVSDAM
2141 461 2886 527 SVBTILIORIBVS

728 663 802 707 π.
848 633 1020 704 364.
1072 660 1134 708 σ.
1183 633 1357 728 219.
1417 661 1500 726 χ.·
1531 631 1705 703 162.
1757 654 1841 728 ψ.
1885 631 2059 704 692.
2107 632 2244 721 Od.
2292 663 2357 708 ν.
2407 633 2529 704 31.
2599 658 2759 708 cum
2822 637 2976 719 οἶος

726 739 807 807 11.
848 748 910 825 ζ.
971 737 1142 806 146.
1195 743 1256 811 λ.
1294 737 1415 808 62.
1465 736 1606 807 od.
1653 764 1718 812 σ.
1769 736 1938 805 193.
2006 766 2071 810 τ.
2120 738 2293 806 233.
2355 755 2512 807 cum
2557 738 2725 821 ὅσος
2769 741 2849 808 11.
2893 747 2969 834 ῤ’,

726 841 1017 914 468.,ο.
1055 837 1229 910 358.
1263 869 1334 913 π.
1369 838 1545 910 589.
1597 861 1679 936 ψ.
1729 839 1903 910 431.
1944 836 2117 908 517.
2163 870 2241 916 ω.
2281 840 2453 912 317.
2496 840 2635 912 od.
2679 853 2759 918 θ.
2793 842 2971 912 124.

724 968 886 1016 cum
938 944 1072 1019 ὅτε
1117 946 1199 1013 Il.
1266 972 1329 1035 χ.
1373 943 1548 1012 127.
1671 943 1815 1016 Sed
1862 946 2238 1034 quoniam,
2286 968 2462 1034 quae
2517 947 2738 1014 solent
2795 948 2968 1032 fieri,

725 1050 928 1119 etiam
967 1058 1045 1117 ut
1089 1049 1301 1118 semel
1349 1048 1534 1117 facta
1576 1043 1831 1116 narrari
1871 1058 2156 1139 possunt
2171 1097 2193 1134 ,
2256 1049 2440 1118 unde
2514 1051 2742 1118 aoristi
2822 1051 2966 1117 fre-

724 1175 935 1242 quens
980 1176 1135 1221 usus
1189 1152 1351 1221 hac
1380 1153 1450 1220 in
1506 1173 1583 1220 re
1630 1161 1766 1235 est,
1829 1175 1966 1219 non
2021 1163 2122 1220 est
2169 1154 2450 1237 mirum,
2518 1154 2572 1220 si
2627 1155 2964 1243 pleraque

723 1257 925 1325 huius
987 1256 1251 1348 generis
1323 1257 1638 1345 exempla
1722 1255 1924 1323 etiam
1998 1257 2495 1325 coniunctivum
2575 1257 2968 1326 admittunt:

723 1382 934 1450 quare
987 1360 1383 1451 ambiguum
1435 1382 1578 1427 esse
1620 1380 2125 1448 nonnumquam
2182 1368 2444 1481 potest,
2508 1370 2660 1428 uter
2717 1357 2964 1428 modus

722 1473 1074 1555 usurpatus
1131 1462 1359 1547 fuerit,
1421 1485 1484 1529 v.
1534 1484 1593 1531 c.
1655 1462 1737 1529 11.
1793 1469 1864 1555 β.
1917 1462 2090 1530 210.
2153 1490 2243 1543 ως
2302 1460 2429 1536 ὅτε
2474 1463 2673 1564 κῦμα
2728 1467 2965 1536 πολυ-

723 1566 1107 1661 φλοίσβοιο
1141 1559 1512 1662 θαλάσσης
1557 1566 1862 1659 αἰγιαλῷ
1901 1559 2189 1659 μεγάλῳ
2219 1568 2596 1660 βρέμεται.
2650 1565 2795 1636 Sed
2842 1588 2964 1634 cur

723 1671 814 1739 ad
854 1670 1353 1740 coniunctivum
1387 1668 1896 1759 confugiamus,
1946 1669 2067 1736 ubi
2116 1668 2338 1736 nihil
2319 1691 2388 1735 ιιι
2429 1669 2793 1739 indicativo
2824 1669 2966 1737 vitii

712 1783 823 1843 est
838 1774 873 1840 ?
937 1775 1116 1841 Nam
1164 1772 1219 1839 si
1258 1773 1403 1860 quis
1450 1799 1539 1852 ως
1590 1770 1719 1843 ὅτε
1762 1792 1920 1840 cum
1957 1771 2321 1842 indicativo
2375 1773 2740 1863 praesentis
2798 1795 2967 1843 con-

720 1877 883 1946 strui
920 1886 1160 1968 neget,
1213 1874 1277 1943 ei
1315 1875 1470 1942 satis
1504 1874 1639 1942 iam
1683 1898 1887 1967 supra
1917 1898 2308 1966 responsum
2351 1876 2770 1944 arbitramur.
2871 1876 2968 1944 Et

718 1980 1241 2072 respondebitur
1280 1978 1523 2046 iterum
1571 1978 1765 2045 infra.
1890 1979 2085 2063 Quae
2139 2002 2352 2069 quum
2414 1979 2506 2047 ita
2570 1980 2696 2048 sint
2713 2028 2734 2065 ,
2811 1989 2966 2047 tan-

578 2081 587 2088 ’
718 2095 864 2152 tum
908 2085 1129 2167 abest,
1178 2090 1253 2148 ut
1297 2080 1779 2151 Thierschium
1818 2084 2150 2172 probem,
2201 2084 2317 2173 qui
2353 2106 2433 2173 p.·
2469 2082 2589 2151 19.
2634 2106 2819 2173 seqq.
2881 2083 2963 2150 ΙΙ.

721 2214 796 2260 π.
829 2184 1001 2253 384.
1050 2213 1121 2258 τ.
1171 2180 1345 2253 357.
1389 2213 1464 2278 φ.
1503 2182 1625 2253 12.
1671 2184 1809 2255 od.
1846 2213 1901 2258 ε.
1953 2185 2126 2255 433.
2171 2214 2250 2280 μ.
2303 2183 2474 2254 253.
2530 2214 2605 2260 ω.
2656 2185 2727 2254 7.
2790 2208 2963 2254 con-

715 2291 1044 2359 iunctivos
1092 2289 1335 2381 reponi
1391 2289 1619 2375 iubet,
1687 2298 1765 2357 ut
1809 2288 2009 2359 etiam
2068 2291 2186 2358 ubi
2229 2291 2386 2358 libri
2430 2289 2617 2360 hunc
2676 2291 2963 2358 moduni

720 2394 1057 2479 offerunt,
1108 2402 1186 2462 ut
1223 2392 1302 2459 11.
1348 2394 1409 2464 δ.
1442 2390 1614 2459 131.
1666 2415 1803 2460 ιιοιι
1836 2395 1979 2462 sine
2028 2393 2446 2463 dubitatione
2491 2393 2958 2483 recipiendum

713 2508 974 2590 putem.
1077 2498 1171 2566 At
1203 2518 1342 2563 non
1372 2516 1605 2564 omnes
1634 2496 1976 2566 indicativi
2005 2507 2145 2566 tam
2185 2497 2392 2567 facile
2416 2498 2751 2566 removeri
2797 2519 2965 2588 pos-

717 2611 890 2670 sunt.
1034 2600 1268 2685 Quare
1321 2599 1483 2667 alias
1533 2622 1811 2690 quoque
1861 2601 1998 2668 vias
2063 2601 2414 2669 tentandas
2465 2600 2655 2670 duxit
2708 2600 2965 2670 Thier-

716 2705 961 2774 schius.
1065 2702 1148 2769 11.
1198 2723 1283 2795 ψ
1318 2698 1494 2769 759.
1550 2704 1672 2774 ἔπι
1705 2700 1773 2776 δ’
1815 2702 2095 2798 ὤρνυτο
2144 2708 2291 2785 δῖος
2331 2698 2737 2792 Ὀδυσσεύς,
2792 2702 2963 2797 ἄγχι

714 2801 930 2901 μάλ’,
1013 2832 1103 2884 ως
1156 2800 1284 2877 ὅτε
1339 2802 1449 2884 τίς
1494 2832 1579 2877 τε
1640 2830 1976 2897 γυναικος
2039 2802 2375 2893 ἐϋζώνοιο
2434 2801 2758 2904 στήθεός
2804 2811 2965 2880 ἐστι

618 3001 625 3007 ,
716 2903 995 2999 κανών,
1032 2904 1139 3002 ,ὅν
1180 2902 1257 2977 τ’
1305 2901 1387 2978 εὖ
1426 2900 1627 2998 μα’λα
1663 2907 1853 3004 χειρὶ
1883 2902 2242 3033 τανύσσῃ,
2296 2909 2555 3004 πηνίον
2581 2912 2961 2993 ἐξέλκουσα

714 3012 944 3109 παρὲκ
986 3009 1252 3104 μίτον,
1320 3005 1598 3129 ‘ind-¹9⁸⁶
1655 3006 1726 3083 δ’
1791 3012 1978 3101 ἴσχει
2025 3006 2356 3108 στήθεος.
2487 3014 2658 3098 Quis
2703 3012 2962 3096 credat,

717 3115 1004 3184 haerere
1047 3134 1458 3237 quemquam
1500 3113 1569 3180 in
1607 3112 1714 3181 his
1756 3114 2099 3204 potuisse?
2148 3118 2327 3185 Nam
2381 3115 2963 3206 quemadmodum

626 3228 708 3290 11
721 3211 1082 3313 τανύσσῃ,
1135 3224 1210 3285 ιιι
1247 3216 1317 3283 in
1363 3217 1690 3308 singulari
1729 3219 1952 3303 facto,
2004 3216 2141 3290 dici
2161 3215 2511 3305 debebat,
2558 3220 2674 3306 ita,
2727 3242 2959 3309 quum,

713 3321 884 3412 quid
934 3321 1184 3389 soleret
1225 3318 1407 3403 fieri,
1459 3319 1895 3392 indicandum
1925 3332 2134 3408 esset,
2188 3325 2346 3397 ἔστι
2370 3325 2626 3393 dictum
2675 3332 2978 3415 oporte-.

712 3427 852 3495 bat.
967 3426 1062 3494 At
1116 3420 1595 3510 ThierschiuS,
1707 3422 1834 3498 ὅτε
1903 3447 2043 3494 ιιοιι
2111 3449 2315 3517 posse
2375 3450 2534 3498 cum
2593 3427 2959 3497 indicativo

709 3529 1081 3622 praesentis
1119 3526 1412 3596 construi
1448 3536 1668 3612 ratuS,
1737 3529 1897 3602 ἔστι
1949 3552 2022 3621 p.
2065 3528 2185 3598 22.
2236 3540 2448 3599 mutat
2488 3530 2557 3599 in
2612 3529 2783 3624 ἄγχι
2800 3584 2830 3619 ,
2882 3538 2962 3598 ιιι
3083 3579 3092 3590 .

713 3634 804 3702 ad
840 3630 929 3714 ὥς
962 3630 1090 3706 ὅτε
1137 3630 1422 3698 verbum
1457 3629 1741 3725 ὤρνυτο
1772 3642 1999 3701 mente
2027 3644 2406 3725 repetatur,
2467 3635 2658 3704 cuius
2700 3633 2962 3723 repeti-

709 3736 909 3806 tionis
939 3749 1116 3825 quae
1145 3744 1464 3824 quattuor
1493 3736 1806 3827 exempla
1854 3736 2055 3804 affert
2071 3785 2092 3822 ,
2143 3738 2224 3806 iis
2262 3739 2464 3806 etiam
2508 3737 2563 3804 si
2603 3735 2962 3806 adiecisset

711 3838 923 3908 hosce
963 3861 1077 3907 sex
1103 3839 1270 3907 alios
1296 3839 1525 3923 lacae,
1573 3837 1656 3905 ll.
1689 3867 1750 3909 ν.
1786 3837 1961 3928 471.
1993 3835 2167 3908 571.
2201 3868 2272 3913 π.
2308 3838 2483 3908 406.
2522 3837 2663 3912 od.
2693 3866 2751 3911 ε.
2781 3838 2957 3908 281.

714 3947 778 4017 λ.
834 3938 1006 4009 368.
1053 3969 1123 4015 τ.
1174 3940 1351 4011 494.
1417 3941 1590 4010 nihil
1630 3950 1857 4010 tamen
1899 3965 2132 4011 omnes
2179 3944 2584 4034 probarent,
2663 3941 2824 4033 quia
2884 3943 2958 4009 in

715 4045 1024 4114 omnibus
1051 4044 1235 4112 idem
1274 4047 1557 4116 verbum
1574 4093 1617 4132 ,-
1648 4046 1838 4135 quod
1867 4047 2207 4117 adiectum
2242 4057 2342 4115 est
2358 4096 2379 4132 ,
2433 4047 2635 4116 etiam
2659 4047 2731 4114 in
2761 4066 2958 4115 com-

709 4148 1062 4241 paratione
1090 4157 1248 4239 apte
1273 4150 1440 4239 poni
1481 4150 1742 4241 potnit:
1790 4150 1981 4239 quod
2008 4151 2080 4219 in
2119 4150 2262 4221 hoc
2296 4152 2457 4221 loco
2467 4199 2494 4236 ,
2547 4150 2744 4238 cuius·
2760 4149 2960 4219 caus*-

710 4278 784 4324 sa
812 4252 969 4321 illos
1001 4252 1260 4331 attulit,
1312 4275 1451 4320 non
1497 4263 1629 4322 est:
1697 4276 1908 4344 quare
1954 4253 2205 4323 horum
2243 4256 2504 4343 nulluS,
2569 4254 2690 4323 sed
2736 4252 2821 4321 11.
2868 4271 2952 4346 ψ.

710 4356 884 4427 712.
927 4353 1157 4423 afferri
1199 4354 1515 4424 debebat.
1616 4357 1761 4425 Sed
1788 4358 2161 4449 potuissent
2200 4368 2430 4428 tamen
2468 4356 2575 4426 isti
2601 4356 2740 4426 loci
2771 4364 2957 4428 certe

706 4460 889 4532 hanc
929 4459 1288 4544 utilitatem
1332 4459 1590 4529 habere
1603 4508 1624 4546 ,
1708 4470 1785 4531 ut
1831 4479 1920 4530 ne
1967 4462 2040 4529 in
2103 4463 2435 4555 epimetro
2476 4461 2601 4529 illo
2653 4482 2725 4551 p.
2781 4456 2956 4527 206.
