3325 5317
1021 1522 1571 1615 ΕΣΜοΣ
1639 1520 2497 1613 ΜΕΛΙΣΣΗΣ
2550 1521 2663 1639 *).

715 2083 997 2211 Neque
1033 2120 1402 2189 lectoribus
1444 2119 1645 2189 huius
1687 2122 1846 2191 libri
1863 2172 1884 2209 ,
1958 2146 2183 2213 neque
2240 2122 2371 2212 ipsi
2416 2120 2727 2189 Bar-kero
2745 2169 2767 2204 ,
2818 2120 2958 2188 viro

619 2226 822 2303 flenti
865 2224 1251 2295 doctissimo
1267 2274 1289 2309 ,
1356 2226 1451 2294 ita
1494 2225 1966 2295 candidissimo
1983 2277 2005 2312 ,
2068 2228 2410 2318 ingratum
2455 2224 2608 2293 fore
2650 2224 2956 2309 arbitror,

712 2330 769 2398 zi
805 2328 952 2415 his,
1018 2351 1197 2417 quae
1235 2328 1353 2396 ille
1393 2328 1594 2396 solita
1640 2329 1996 2422 diligentia
2036 2329 2433 2452 disputavit,
2493 2349 2719 2419 pauca
2760 2328 2958 2395 addi-

713 2432 904 2502 dero.
1007 2433 1189 2501 Nam
1239 2432 1361 2499 etsi
1406 2432 1476 2499 in
1517 2433 1902 2502 universum
1945 2434 2286 2503 verissima
2333 2430 2505 2501 mihi
2547 2431 2815 2500 videtur
2854 2440 2961 2499 at-

712 2536 974 2622 tulisse,
1023 2544 1252 2603 tamen
1295 2544 1392 2604 est
1435 2536 1635 2604 etiam
1651 2586 1674 2621 ,
1725 2539 1845 2606 ubi
1901 2539 1990 2606 ab
2019 2561 2104 2608 eo
2138 2535 2658 2605 dissentiendum
2704 2544 2958 2638 putem.

715 2637 1084 2710 Contendit
1122 2640 1498 2724 Barkeru8‚
1571 2635 1800 2732 ἑσμόν
1854 2641 2193 2736 μελίσσης
2232 2663 2456 2729 neque
2498 2638 2678 2724 mel,
2742 2661 2960 2727 neque

714 2745 990 2865 copiam
1032 2742 1287 2829 menie,
1339 2740 1462 2810 sed
1510 2766 1789 2811 examen
1831 2767 2040 2834 apum
2080 2744 2497 2835 significare,
2562 2765 2704 2810 non
2741 2743 2960 2811 solum

713 2848 877 2937 quia
907 2868 1060 2915 usus
1083 2845 1178 2912 ita
1209 2845 1542 2936 postulet,
1594 2845 1719 2914 sed
1760 2847 1963 2916 etiam
2004 2846 2193 2937 quod
2221 2858 2360 2915 tam
2402 2846 2614 2914 durae
2643 2846 2770 2915 sint
2799 2848 2961 2913 istae

714 2949 1194 3043 metaphorae,
1245 2958 1322 3018 ut
1349 2950 1537 3018 nullo
1566 2950 1764 3017 simili
1799 2953 2115 3042 exemplo
2140 2951 2418 3020 defendi
2449 2972 2653 3041 posse
2681 2949 2960 3018 videan-

710 3063 842 3124 tur.
946 3053 1056 3122 De
1097 3053 1235 3121 hae
1277 3053 1427 3145 ipsa
1467 3076 1632 3122 vero
1690 3053 1936 3124 duritie
1975 3064 2163 3123 tanto
2209 3053 2581 3126 accuratius
2631 3075 2962 3143 quaeren-

714 3156 884 3225 dum
923 3165 1127 3250 puto,
1177 3177 1317 3244 quo
1360 3156 1625 3227 facilius
1677 3158 2064 3227 exstiturum
2104 3159 2342 3244 video,
2393 3157 2510 3247 qui
2541 3180 2623 3225 ex
2658 3157 2817 3247 ipsis
2852 3155 2963 3224 vel

713 3259 1054 3332 Athenaei
1084 3258 1199 3328 vel
1223 3259 1496 3348 Epinici
1527 3260 1751 3327 verbis
1788 3264 2286 3331 excusationem
2322 3261 2604 3330 allatum
2643 3269 2771 3328 eat.
2871 3259 2963 3327 Et

712 3364 1107 3437 Athenaeus
1150 3361 1431 3451 quidem
1477 3362 1573 3429 ita
1615 3364 1878 3432 scribit:
1958 3367 2208 3440 ἔπινον
2259 3367 2337 3440 δὲ
2397 3370 2472 3437 οἱ
2531 3364 2790 3436 πολλοὶ
2839 3362 2959 3435 καὶ

715 3468 996 3565 ἄλφιτα
1050 3458 1564 3559 ἐπιβάλλοντες
1603 3467 1722 3561 τῷ
1770 3470 1970 3562 οἴνῳ,
2027 3497 2116 3549 ως
2160 3468 2205 3542 ὁ
2243 3461 2527 3564 Δελφος
2573 3459 2956 3591 Ἡγήσαν-

716 3566 884 3671 δρός
936 3597 1173 3670 φησιν
1275 3564 1645 3651 ΗΕπινικος
1695 3572 1910 3662 γοῦν,
1925 3572 2589 3703 Μνησιπτολέμου
2627 3562 2959 3662 οἷνοῖγνω-

717 3702 835 3750 σιν
887 3673 1381 3794 ποιησαμένου
1432 3673 1580 3745 τῶν
1649 3676 2039 3769 ἱστοριῶν,
2123 3681 2201 3748 ἐν
2252 3675 2366 3756 αἶς
2417 3674 2817 3795 ἐγέγραπτο
2872 3697 2962 3752 ως

612 3872 623 3883 ·
717 3780 1069 3859 Σέλευκος
1119 3774 1591 3898 α’πηλφίτισε,
1655 3772 1948 3871 γράψας
2002 3778 2250 3873 δροῖμα
2299 3767 2956 3900 Μνησιπτόλεμον,

610 3948 620 3972 ,
716 3881 842 3955 καὶ
887 3880 1246 3974 κωμῳδῶν
1298 3871 1575 3968 αὐτον,
1654 3905 1774 3950 και
1825 3879 1988 3975 περὶ
2039 3882 2167 3976 τῆς
2231 3876 2508 3960 πολεως
2558 3882 2720 3957 ταῖς
2772 3875 2958 3950 ἑκεί-

715 4008 850 4060 νου
912 4008 1277 4080 χρωμενος
1329 3988 1635 4077 φωναῖς,
1709 3981 2000 4082 ἐποίησε
2066 3985 2397 4078 λέγοντα.
2502 3982 2816 4072 Apparet
2880 3999 2959 4046 ex

801 4330 864 4410 *)
921 4331 1089 4393 Haec
1142 4337 1562 4396 commentatio
1633 4291 1711 4397 de
1782 4337 1920 4396 loco
1979 4291 2269 4397 Athenaei
2330 4340 2406 4396 X.
2469 4356 2532 4417 p.
2592 4340 2741 4401 432.
2800 4335 2960 4396 edita

717 4426 818 4482 eat
850 4440 905 4480 a.
956 4421 1142 4484 1818.
1200 4419 1266 4479 in
1307 4420 1376 4481 F.
1424 4423 1497 4482 A.
1541 4422 1747 4482 Wolfii
1792 4422 2102 4482 Analectis
2144 4421 2453 4483 litterariis
2510 4422 2631 4483 vol.
2676 4421 2754 4484 11.
2799 4428 2959 4503 part.

715 4506 762 4569 1.
806 4526 874 4587 Ρ.
917 4508 1023 4572 67.
1068 4523 1250 4598 ιιιιῃ.χ
