<?xml version="1.0" encoding="UTF-8"?>
<!DOCTYPE html PUBLIC "-//W3C//DTD XHTML 1.0 Transitional//EN"
    "http://www.w3.org/TR/xhtml1/DTD/xhtml1-transitional.dtd">
<html xmlns="http://www.w3.org/1999/xhtml" xml:lang="en" lang="en">
 <head>
  <title>
</title>
<meta http-equiv="Content-Type" content="text/html;charset=utf-8" />
  <meta name='ocr-system' content='tesseract 3.04.00' />
  <meta name='ocr-capabilities' content='ocr_page ocr_carea ocr_par ocr_line ocrx_word'/>
</head>
<body>
  <div class='ocr_page' id='page_1' title='image "./godofrediherman01fritgoog_0215.png"; bbox 0 0 3325 5317; ppageno 0'>
   <div class='ocr_carea' id='block_1_1' title="bbox 1123 494 2565 570">
    <p class='ocr_par' dir='ltr' id='par_1_1' title="bbox 1123 494 2565 570">
     <span class='ocr_line' id='line_1_1' title="bbox 1123 494 2565 570; baseline 0.007 -11"><span class='ocrx_word' id='word_1_1' title='bbox 1123 494 1867 563; x_wconf 74' lang='lat' dir='ltr'><strong>nlssERTAT10.22</strong></span> <span class='ocrx_word' id='word_1_2' title='bbox 1978 539 1985 546; x_wconf 95' lang='lat'>-</span> <span class='ocrx_word' id='word_1_3' title='bbox 2163 533 2187 554; x_wconf 87' lang='lat'><strong>·-</strong></span> <span class='ocrx_word' id='word_1_4' title='bbox 2410 495 2565 570; x_wconf 64' lang='lat'><strong>‘211</strong></span> 
     </span>
    </p>
   </div>
   <div class='ocr_carea' id='block_1_2' title="bbox 319 668 2566 1077">
    <p class='ocr_par' dir='ltr' id='par_1_2' title="bbox 319 668 2566 1077">
     <span class='ocr_line' id='line_1_2' title="bbox 325 668 2566 766; baseline 0.002 -27"><span class='ocrx_word' id='word_1_5' title='bbox 325 670 384 739; x_wconf 85' lang='lat' dir='ltr'><strong>is</strong></span> <span class='ocrx_word' id='word_1_6' title='bbox 442 668 878 763; x_wconf 75' lang='lat' dir='ltr'><strong>septimestris</strong></span> <span class='ocrx_word' id='word_1_7' title='bbox 935 672 1473 743; x_wconf 85' lang='lat' dir='ltr'><strong>natus.1·1aec</strong></span> <span class='ocrx_word' id='word_1_8' title='bbox 1549 680 1839 765; x_wconf 83' lang='lat' dir='ltr'><strong>apparet</strong></span> <span class='ocrx_word' id='word_1_9' title='bbox 1912 670 2012 763; x_wconf 72' lang='lat' dir='ltr'><strong>sic</strong></span> <span class='ocrx_word' id='word_1_10' title='bbox 2069 671 2566 766; x_wconf 84' lang='lat' dir='ltr'><strong>interpretanda</strong></span> 
     </span>
     <span class='ocr_line' id='line_1_3' title="bbox 325 755 2564 897; baseline 0.003 -55"><span class='ocrx_word' id='word_1_11' title='bbox 325 794 505 842; x_wconf 84' lang='lat' dir='ltr'><strong>esse.</strong></span> <span class='ocrx_word' id='word_1_12' title='bbox 583 773 830 865; x_wconf 90' lang='lat' dir='ltr'><strong>opibus</strong></span> <span class='ocrx_word' id='word_1_13' title='bbox 883 776 1181 846; x_wconf 85' lang='lat' dir='ltr'><strong>secundo</strong></span> <span class='ocrx_word' id='word_1_14' title='bbox 1241 796 1398 846; x_wconf 89' lang='lat' dir='ltr'><strong>cum</strong></span> <span class='ocrx_word' id='word_1_15' title='bbox 1448 776 1824 897; x_wconf 69' lang='lat' dir='ltr'><strong>pereginis</strong></span> <span class='ocrx_word' id='word_1_16' title='bbox 1887 755 2297 848; x_wconf 71' lang='lat' dir='ltr'><strong>commercio</strong></span> <span class='ocrx_word' id='word_1_17' title='bbox 2354 780 2564 850; x_wconf 75' lang='lat' dir='ltr'><strong>auctis</strong></span> 
     </span>
     <span class='ocr_line' id='line_1_4' title="bbox 319 875 2565 972; baseline 0.003 -29"><span class='ocrx_word' id='word_1_18' title='bbox 319 875 741 966; x_wconf 63' lang='lat' dir='ltr'><strong>praesidium</strong></span> <span class='ocrx_word' id='word_1_19' title='bbox 791 887 1065 970; x_wconf 84' lang='lat' dir='ltr'><strong>partum</strong></span> <span class='ocrx_word' id='word_1_20' title='bbox 1115 902 1260 950; x_wconf 89' lang='lat' dir='ltr'><strong>esse</strong></span> <span class='ocrx_word' id='word_1_21' title='bbox 1298 888 1368 949; x_wconf 91' lang='lat' dir='ltr'><strong>et</strong></span> <span class='ocrx_word' id='word_1_22' title='bbox 1417 880 1811 972; x_wconf 86' lang='lat' dir='ltr'><strong>imperium;</strong></span> <span class='ocrx_word' id='word_1_23' title='bbox 1883 889 2045 971; x_wconf 78' lang='lat' dir='ltr'><strong>post</strong></span> <span class='ocrx_word' id='word_1_24' title='bbox 2084 880 2283 951; x_wconf 80' lang='lat' dir='ltr'><strong>latius</strong></span> <span class='ocrx_word' id='word_1_25' title='bbox 2329 892 2565 951; x_wconf 84' lang='lat' dir='ltr'><strong>exten-</strong></span> 
     </span>
     <span class='ocr_line' id='line_1_5' title="bbox 321 981 2565 1077; baseline 0.003 -30"><span class='ocrx_word' id='word_1_26' title='bbox 321 1002 500 1047; x_wconf 84' lang='lat' dir='ltr'><strong>sam·</strong></span> <span class='ocrx_word' id='word_1_27' title='bbox 548 981 953 1071; x_wconf 81' lang='lat' dir='ltr'><strong>potentiam3</strong></span> <span class='ocrx_word' id='word_1_28' title='bbox 1062 1004 1280 1053; x_wconf 83' lang='lat' dir='ltr'><strong>vacuo</strong></span> <span class='ocrx_word' id='word_1_29' title='bbox 1335 992 1562 1054; x_wconf 88' lang='lat' dir='ltr'><strong>autem</strong></span> <span class='ocrx_word' id='word_1_30' title='bbox 1613 1004 1837 1077; x_wconf 85' lang='lat' dir='ltr'><strong>regno</strong></span> <span class='ocrx_word' id='word_1_31' title='bbox 1893 1005 2032 1051; x_wconf 87' lang='lat' dir='ltr'><strong>non</strong></span> <span class='ocrx_word' id='word_1_32' title='bbox 2091 985 2315 1057; x_wconf 80' lang='lat' dir='ltr'><strong>virtuti</strong></span> <span class='ocrx_word' id='word_1_33' title='bbox 2330 1033 2355 1072; x_wconf 90' lang='lat'>‚</span> <span class='ocrx_word' id='word_1_34' title='bbox 2441 982 2565 1054; x_wconf 85' lang='lat' dir='ltr'><strong>sed</strong></span> 
     </span>
    </p>
   </div>
   <div class='ocr_carea' id='block_1_3' title="bbox 316 1083 2565 1256">
    <p class='ocr_par' dir='ltr' id='par_1_3' title="bbox 316 1083 2565 1256">
     <span class='ocr_line' id='line_1_6' title="bbox 316 1083 2565 1255; baseline 0.004 -107"><span class='ocrx_word' id='word_1_35' title='bbox 316 1083 897 1255; x_wconf 64' lang='lat' dir='ltr'><strong>p⁰Pulimf³V⁰¹²02</strong></span> <span class='ocrx_word' id='word_1_36' title='bbox 963 1085 1309 1180; x_wconf 82' lang='lat' dir='ltr'><strong>potentiae</strong></span> <span class='ocrx_word' id='word_1_37' title='bbox 1353 1086 1680 1170; x_wconf 84' lang='lat' dir='ltr'><strong>tributum</strong></span> <span class='ocrx_word' id='word_1_38' title='bbox 1724 1109 1867 1157; x_wconf 86' lang='lat' dir='ltr'><strong>esse</strong></span> <span class='ocrx_word' id='word_1_39' title='bbox 1911 1087 2271 1181; x_wconf 85' lang='lat' dir='ltr'><strong>imperium</strong></span> <span class='ocrx_word' id='word_1_40' title='bbox 2289 1136 2312 1174; x_wconf 92' lang='lat'><strong>,</strong></span> <span class='ocrx_word' id='word_1_41' title='bbox 2363 1087 2565 1157; x_wconf 78' lang='lat' dir='ltr'><strong>etiam</strong></span> 
     </span>
     <span class='ocr_line' id='line_1_7' title="bbox 317 1205 723 1256; baseline 0.002 -1"><span class='ocrx_word' id='word_1_42' title='bbox 317 1205 533 1255; x_wconf 70' lang='lat' dir='ltr'><strong>imma</strong></span> <span class='ocrx_word' id='word_1_43' title='bbox 642 1208 723 1256; x_wconf 89' lang='lat' dir='ltr'><strong>ae</strong></span> 
     </span>
    </p>
   </div>
   <div class='ocr_carea' id='block_1_4' title="bbox 269 1390 2654 4556">
    <p class='ocr_par' dir='ltr' id='par_1_4' title="bbox 269 1390 2654 4556">
     <span class='ocr_line' id='line_1_8' title="bbox 527 1390 2565 1485; baseline 0.001 -25"><span class='ocrx_word' id='word_1_44' title='bbox 527 1390 934 1461; x_wconf 84' lang='lat' dir='ltr'><strong>Exercitano</strong></span> <span class='ocrx_word' id='word_1_45' title='bbox 977 1392 1325 1461; x_wconf 86' lang='lat' dir='ltr'><strong>Patulinae</strong></span> <span class='ocrx_word' id='word_1_46' title='bbox 1362 1401 1690 1484; x_wconf 78' lang='lat' dir='ltr'>regnante</span> <span class='ocrx_word' id='word_1_47' title='bbox 1705 1439 1728 1476; x_wconf 89' lang='lat'>‚</span> <span class='ocrx_word' id='word_1_48' title='bbox 1777 1390 1906 1460; x_wconf 85' lang='lat' dir='ltr'><strong>filii</strong></span> <span class='ocrx_word' id='word_1_49' title='bbox 1937 1390 2362 1485; x_wconf 82' lang='lat' dir='ltr'><strong>Pinnigregis</strong></span> <span class='ocrx_word' id='word_1_50' title='bbox 2406 1414 2565 1462; x_wconf 80' lang='lat' dir='ltr'><strong>eum</strong></span> 
     </span>
     <span class='ocr_line' id='line_1_9' title="bbox 318 1490 2564 1588; baseline 0.001 -26"><span class='ocrx_word' id='word_1_51' title='bbox 318 1490 666 1585; x_wconf 83' lang='lat' dir='ltr'><strong>Sepelinis</strong></span> <span class='ocrx_word' id='word_1_52' title='bbox 699 1504 1023 1564; x_wconf 81' lang='lat' dir='ltr'><strong>venerunt</strong></span> <span class='ocrx_word' id='word_1_53' title='bbox 1038 1543 1060 1580; x_wconf 93' lang='lat'><strong>,</strong></span> <span class='ocrx_word' id='word_1_54' title='bbox 1113 1494 1552 1588; x_wconf 78' lang='lat' dir='ltr'><strong>capessitoris</strong></span> <span class='ocrx_word' id='word_1_55' title='bbox 1593 1494 1902 1566; x_wconf 78' lang='lat' dir='ltr'><strong>avunculi</strong></span> <span class='ocrx_word' id='word_1_56' title='bbox 1927 1517 2217 1587; x_wconf 83' lang='lat' dir='ltr'><strong>regnum</strong></span> <span class='ocrx_word' id='word_1_57' title='bbox 2244 1506 2564 1586; x_wconf 82' lang='lat' dir='ltr'><strong>repeten-</strong></span> 
     </span>
     <span class='ocr_line' id='line_1_10' title="bbox 316 1597 2654 1690; baseline 0.002 -26"><span class='ocrx_word' id='word_1_58' title='bbox 316 1605 456 1664; x_wconf 82' lang='lat' dir='ltr'><strong>tes:</strong></span> <span class='ocrx_word' id='word_1_59' title='bbox 516 1619 687 1686; x_wconf 92' lang='lat' dir='ltr'><strong>quos</strong></span> <span class='ocrx_word' id='word_1_60' title='bbox 723 1598 918 1690; x_wconf 85' lang='lat' dir='ltr'><strong>parvi</strong></span> <span class='ocrx_word' id='word_1_61' title='bbox 956 1598 1252 1669; x_wconf 77' lang='lat' dir='ltr'><strong>faciebat</strong></span> <span class='ocrx_word' id='word_1_62' title='bbox 1293 1598 1764 1669; x_wconf 71' lang='lat' dir='ltr'><strong>Exercitanust</strong></span> <span class='ocrx_word' id='word_1_63' title='bbox 1829 1606 1898 1665; x_wconf 79' lang='lat' dir='ltr'><strong>at</strong></span> <span class='ocrx_word' id='word_1_64' title='bbox 1934 1597 2040 1666; x_wconf 90' lang='lat' dir='ltr'><strong>illi</strong></span> <span class='ocrx_word' id='word_1_65' title='bbox 2074 1609 2374 1666; x_wconf 85' lang='lat' dir='ltr'><strong>armenta</strong></span> <span class='ocrx_word' id='word_1_66' title='bbox 2417 1598 2654 1669; x_wconf 75' lang='lat' dir='ltr'><strong>eiuslss</strong></span> 
     </span>
     <span class='ocr_line' id='line_1_11' title="bbox 317 1700 2562 1794; baseline 0.001 -28"><span class='ocrx_word' id='word_1_67' title='bbox 317 1700 720 1792; x_wconf 79' lang='lat' dir='ltr'><strong>abegerunt.</strong></span> <span class='ocrx_word' id='word_1_68' title='bbox 824 1700 1023 1786; x_wconf 80' lang='lat' dir='ltr'><strong>Quae</strong></span> <span class='ocrx_word' id='word_1_69' title='bbox 1067 1706 1278 1792; x_wconf 81' lang='lat' dir='ltr'><strong>qu&#39;um</strong></span> <span class='ocrx_word' id='word_1_70' title='bbox 1309 1702 1585 1794; x_wconf 87' lang='lat' dir='ltr'><strong>&#39;eripere</strong></span> <span class='ocrx_word' id='word_1_71' title='bbox 1618 1702 1700 1770; x_wconf 83' lang='lat' dir='ltr'><strong>iis</strong></span> <span class='ocrx_word' id='word_1_72' title='bbox 1736 1708 2139 1770; x_wconf 86' lang='lat' dir='ltr'><strong>conarentur</strong></span> <span class='ocrx_word' id='word_1_73' title='bbox 2176 1701 2299 1769; x_wconf 88' lang='lat' dir='ltr'><strong>filii</strong></span> <span class='ocrx_word' id='word_1_74' title='bbox 2339 1702 2562 1770; x_wconf 84' lang='lat' dir='ltr'><strong>Exer-</strong></span> 
     </span>
     <span class='ocr_line' id='line_1_12' title="bbox 318 1802 2563 1898; baseline 0 -25"><span class='ocrx_word' id='word_1_75' title='bbox 318 1802 559 1887; x_wconf 87' lang='lat' dir='ltr'><strong>citani,</strong></span> <span class='ocrx_word' id='word_1_76' title='bbox 628 1802 718 1871; x_wconf 84' lang='lat' dir='ltr'><strong>ad</strong></span> <span class='ocrx_word' id='word_1_77' title='bbox 774 1803 1298 1875; x_wconf 77' lang='lat' dir='ltr'><strong>internecionem</strong></span> <span class='ocrx_word' id='word_1_78' title='bbox 1350 1815 1730 1898; x_wconf 88' lang='lat' dir='ltr'><strong>pugnatum</strong></span> <span class='ocrx_word' id='word_1_79' title='bbox 1786 1812 1916 1889; x_wconf 72' lang='lat' dir='ltr'><strong>est,</strong></span> <span class='ocrx_word' id='word_1_80' title='bbox 1983 1803 2254 1873; x_wconf 82' lang='lat' dir='ltr'><strong>servatis</strong></span> <span class='ocrx_word' id='word_1_81' title='bbox 2304 1811 2563 1874; x_wconf 80' lang='lat' dir='ltr'><strong>tantum</strong></span> 
     </span>
     <span class='ocr_line' id='line_1_13' title="bbox 319 1905 2566 1997; baseline 0 -22"><span class='ocrx_word' id='word_1_82' title='bbox 319 1905 840 1976; x_wconf 87' lang='lat' dir='ltr'><strong>Subolescentio</strong></span> <span class='ocrx_word' id='word_1_83' title='bbox 856 1955 878 1992; x_wconf 93' lang='lat'><strong>,</strong></span> <span class='ocrx_word' id='word_1_84' title='bbox 967 1908 1350 1979; x_wconf 83' lang='lat' dir='ltr'><strong>Exercitaui</strong></span> <span class='ocrx_word' id='word_1_85' title='bbox 1397 1909 1542 1977; x_wconf 88' lang='lat' dir='ltr'><strong>filio</strong></span> <span class='ocrx_word' id='word_1_86' title='bbox 1562 1958 1583 1997; x_wconf 90' lang='lat'><strong>,</strong></span> <span class='ocrx_word' id='word_1_87' title='bbox 1652 1905 1885 1978; x_wconf 85' lang='lat' dir='ltr'><strong>adhuc</strong></span> <span class='ocrx_word' id='word_1_88' title='bbox 1943 1907 2374 1976; x_wconf 78' lang='lat' dir='ltr'><strong>adolescente</strong></span> <span class='ocrx_word' id='word_1_89' title='bbox 2387 1955 2410 1993; x_wconf 88' lang='lat'>‚</span> <span class='ocrx_word' id='word_1_90' title='bbox 2492 1915 2566 1977; x_wconf 83' lang='lat' dir='ltr'><strong>et</strong></span> 
     </span>
     <span class='ocr_line' id='line_1_14' title="bbox 315 2007 2565 2103; baseline 0.001 -26"><span class='ocrx_word' id='word_1_91' title='bbox 315 2009 752 2103; x_wconf 84' lang='lat' dir='ltr'><strong>Pinnigregis</strong></span> <span class='ocrx_word' id='word_1_92' title='bbox 777 2010 1092 2102; x_wconf 81' lang='lat' dir='ltr'><strong>Remige.</strong></span> <span class='ocrx_word' id='word_1_93' title='bbox 1192 2010 1335 2096; x_wconf 80' lang='lat' dir='ltr'><strong>Qui</strong></span> <span class='ocrx_word' id='word_1_94' title='bbox 1376 2020 1720 2080; x_wconf 83' lang='lat' dir='ltr'><strong>evaserant</strong></span> <span class='ocrx_word' id='word_1_95' title='bbox 1760 2009 2104 2101; x_wconf 88' lang='lat' dir='ltr'><strong>Sepelini‚</strong></span> <span class='ocrx_word' id='word_1_96' title='bbox 2153 2010 2309 2079; x_wconf 81' lang='lat' dir='ltr'><strong>vela</strong></span> <span class='ocrx_word' id='word_1_97' title='bbox 2341 2007 2565 2079; x_wconf 87' lang='lat' dir='ltr'><strong>dede-</strong></span> 
     </span>
     <span class='ocr_line' id='line_1_15' title="bbox 316 2113 2571 2202; baseline 0.002 -21"><span class='ocrx_word' id='word_1_98' title='bbox 316 2123 477 2181; x_wconf 87' lang='lat' dir='ltr'><strong>runt</strong></span> <span class='ocrx_word' id='word_1_99' title='bbox 508 2135 664 2182; x_wconf 89' lang='lat' dir='ltr'><strong>cum</strong></span> <span class='ocrx_word' id='word_1_100' title='bbox 702 2113 1036 2198; x_wconf 84' lang='lat' dir='ltr'><strong>arment-is,</strong></span> <span class='ocrx_word' id='word_1_101' title='bbox 1090 2135 1306 2202; x_wconf 83' lang='lat' dir='ltr'><strong>eaque</strong></span> <span class='ocrx_word' id='word_1_102' title='bbox 1351 2113 1678 2182; x_wconf 85' lang='lat' dir='ltr'><strong>servanda</strong></span> <span class='ocrx_word' id='word_1_103' title='bbox 1717 2113 2190 2182; x_wconf 88' lang='lat' dir='ltr'><strong>commiserunt</strong></span> <span class='ocrx_word' id='word_1_104' title='bbox 2228 2114 2571 2194; x_wconf 74' lang='grc' dir='ltr'><strong><em>Πολυξέ-</em></strong></span> 
     </span>
     <span class='ocr_line' id='line_1_16' title="bbox 318 2213 2561 2309; baseline -0.001 -25"><span class='ocrx_word' id='word_1_105' title='bbox 318 2241 454 2309; x_wconf 73' lang='grc' dir='ltr'><strong>νῳ,</strong></span> <span class='ocrx_word' id='word_1_106' title='bbox 483 2215 965 2304; x_wconf 88' lang='lat' dir='ltr'><strong>Frequentato‚</strong></span> <span class='ocrx_word' id='word_1_107' title='bbox 995 2218 1149 2308; x_wconf 82' lang='lat' dir='ltr'><strong>regi</strong></span> <span class='ocrx_word' id='word_1_108' title='bbox 1175 2215 1515 2306; x_wconf 76' lang='grc' dir='ltr'><strong><em>Ἠλείων,</em></strong></span> <span class='ocrx_word' id='word_1_109' title='bbox 1556 2215 1956 2285; x_wconf 87' lang='lat' dir='ltr'><strong>Palantium.</strong></span> <span class='ocrx_word' id='word_1_110' title='bbox 1982 2214 2376 2307; x_wconf 84' lang='lat' dir='ltr'><strong>Redempta</strong></span> <span class='ocrx_word' id='word_1_111' title='bbox 2399 2213 2561 2282; x_wconf 86' lang='lat' dir='ltr'><strong>inde</strong></span> 
     </span>
     <span class='ocr_line' id='line_1_17' title="bbox 317 2316 2562 2406; baseline 0 -20"><span class='ocrx_word' id='word_1_112' title='bbox 317 2318 592 2387; x_wconf 80' lang='lat' dir='ltr'><strong>reduxit</strong></span> <span class='ocrx_word' id='word_1_113' title='bbox 622 2341 706 2386; x_wconf 89' lang='lat' dir='ltr'><strong>ea</strong></span> <span class='ocrx_word' id='word_1_114' title='bbox 723 2320 1040 2387; x_wconf 86' lang='lat' dir='ltr'><strong>Amtruus</strong></span> <span class='ocrx_word' id='word_1_115' title='bbox 1070 2319 1484 2388; x_wconf 80' lang='lat' dir='ltr'><strong>Patulinam=</strong></span> <span class='ocrx_word' id='word_1_116' title='bbox 1533 2320 1970 2389; x_wconf 81' lang='lat' dir='ltr'><strong>Exercitanus</strong></span> <span class='ocrx_word' id='word_1_117' title='bbox 1994 2326 2240 2406; x_wconf 84' lang='lat' dir='ltr'><strong>autem,</strong></span> <span class='ocrx_word' id='word_1_118' title='bbox 2276 2316 2562 2387; x_wconf 86' lang='lat' dir='ltr'><strong>caedem</strong></span> 
     </span>
     <span class='ocr_line' id='line_1_18' title="bbox 313 2421 2562 2515; baseline 0 -26"><span class='ocrx_word' id='word_1_119' title='bbox 313 2421 625 2489; x_wconf 86' lang='lat' dir='ltr'><strong>filiorum</strong></span> <span class='ocrx_word' id='word_1_120' title='bbox 660 2421 918 2489; x_wconf 84' lang='lat' dir='ltr'><strong>ulturus</strong></span> <span class='ocrx_word' id='word_1_121' title='bbox 933 2468 955 2506; x_wconf 90' lang='lat'><strong>,</strong></span> <span class='ocrx_word' id='word_1_122' title='bbox 1020 2443 1239 2514; x_wconf 89' lang='lat' dir='ltr'><strong>regno</strong></span> <span class='ocrx_word' id='word_1_123' title='bbox 1285 2422 1562 2510; x_wconf 85' lang='lat' dir='ltr'><strong>filiaque</strong></span> <span class='ocrx_word' id='word_1_124' title='bbox 1605 2422 1978 2515; x_wconf 84' lang='lat' dir='ltr'><strong>Opitulana</strong></span> <span class='ocrx_word' id='word_1_125' title='bbox 2019 2422 2308 2490; x_wconf 88' lang='lat' dir='ltr'><strong>Amtruo</strong></span> <span class='ocrx_word' id='word_1_126' title='bbox 2321 2475 2351 2510; x_wconf 87' lang='lat'><strong>,</strong></span> <span class='ocrx_word' id='word_1_127' title='bbox 2440 2421 2562 2509; x_wconf 87' lang='lat' dir='ltr'><strong>qui</strong></span> 
     </span>
     <span class='ocr_line' id='line_1_19' title="bbox 315 2522 2571 2615; baseline 0 -24"><span class='ocrx_word' id='word_1_128' title='bbox 315 2546 394 2591; x_wconf 85' lang='lat' dir='ltr'><strong>se</strong></span> <span class='ocrx_word' id='word_1_129' title='bbox 430 2524 768 2615; x_wconf 78' lang='lat' dir='ltr'><strong>virginem</strong></span> <span class='ocrx_word' id='word_1_130' title='bbox 797 2545 950 2592; x_wconf 76' lang='lat' dir='ltr'><strong>eam</strong></span> <span class='ocrx_word' id='word_1_131' title='bbox 978 2534 1390 2593; x_wconf 84' lang='lat' dir='ltr'><strong>servaturum</strong></span> <span class='ocrx_word' id='word_1_132' title='bbox 1425 2525 1795 2610; x_wconf 81' lang='lat' dir='ltr'><strong>iuraverat,</strong></span> <span class='ocrx_word' id='word_1_133' title='bbox 1848 2523 2215 2595; x_wconf 83' lang='lat' dir='ltr'><strong>commissis</strong></span> <span class='ocrx_word' id='word_1_134' title='bbox 2228 2569 2250 2609; x_wconf 90' lang='lat'><strong>,</strong></span> <span class='ocrx_word' id='word_1_135' title='bbox 2297 2522 2571 2592; x_wconf 76' lang='lat' dir='ltr'><strong>bellum</strong></span> 
     </span>
     <span class='ocr_line' id='line_1_20' title="bbox 314 2626 2559 2720; baseline 0 -26"><span class='ocrx_word' id='word_1_136' title='bbox 314 2626 573 2695; x_wconf 85' lang='lat' dir='ltr'><strong>inferre</strong></span> <span class='ocrx_word' id='word_1_137' title='bbox 632 2626 1020 2697; x_wconf 84' lang='lat' dir='ltr'><strong>Clamitanis</strong></span> <span class='ocrx_word' id='word_1_138' title='bbox 1083 2630 1383 2720; x_wconf 85' lang='lat' dir='ltr'><strong>parabat.</strong></span> <span class='ocrx_word' id='word_1_139' title='bbox 1523 2628 1631 2697; x_wconf 90' lang='lat' dir='ltr'><strong>Ibi</strong></span> <span class='ocrx_word' id='word_1_140' title='bbox 1690 2629 1855 2697; x_wconf 89' lang='lat' dir='ltr'><strong>dum</strong></span> <span class='ocrx_word' id='word_1_141' title='bbox 1921 2627 2163 2718; x_wconf 78' lang='lat' dir='ltr'><strong>recipit</strong></span> <span class='ocrx_word' id='word_1_142' title='bbox 2235 2635 2559 2713; x_wconf 85' lang='lat' dir='ltr'><strong>armenta,</strong></span> 
     </span>
     <span class='ocr_line' id='line_1_21' title="bbox 317 2730 2558 2822; baseline -0 -24"><span class='ocrx_word' id='word_1_143' title='bbox 317 2732 643 2799; x_wconf 84' lang='lat' dir='ltr'><strong>Amtruus</strong></span> <span class='ocrx_word' id='word_1_144' title='bbox 695 2731 778 2818; x_wconf 26' lang='lat' dir='ltr'><strong>in·</strong></span> <span class='ocrx_word' id='word_1_145' title='bbox 810 2753 1015 2799; x_wconf 85' lang='lat' dir='ltr'><strong>unam</strong></span> <span class='ocrx_word' id='word_1_146' title='bbox 1078 2754 1162 2800; x_wconf 82' lang='lat' dir='ltr'><strong>ex</strong></span> <span class='ocrx_word' id='word_1_147' title='bbox 1225 2730 1449 2803; x_wconf 81' lang='lat' dir='ltr'><strong>vaccis</strong></span> <span class='ocrx_word' id='word_1_148' title='bbox 1464 2779 1486 2817; x_wconf 91' lang='lat'><strong>,</strong></span> <span class='ocrx_word' id='word_1_149' title='bbox 1554 2755 1732 2822; x_wconf 90' lang='lat' dir='ltr'><strong>quae</strong></span> <span class='ocrx_word' id='word_1_150' title='bbox 1771 2730 2164 2801; x_wconf 82' lang='lat' dir='ltr'><strong>discedebat</strong></span> <span class='ocrx_word' id='word_1_151' title='bbox 2216 2752 2260 2797; x_wconf 87' lang='lat' dir='ltr'><strong>a</strong></span> <span class='ocrx_word' id='word_1_152' title='bbox 2316 2751 2558 2822; x_wconf 84' lang='lat' dir='ltr'><strong>grege,</strong></span> 
     </span>
     <span class='ocr_line' id='line_1_22' title="bbox 317 2832 2562 2925; baseline 0 -25"><span class='ocrx_word' id='word_1_153' title='bbox 317 2833 644 2903; x_wconf 84' lang='lat' dir='ltr'><strong>baculum</strong></span> <span class='ocrx_word' id='word_1_154' title='bbox 685 2834 991 2919; x_wconf 85' lang='lat' dir='ltr'><strong>coniicit,</strong></span> <span class='ocrx_word' id='word_1_155' title='bbox 1058 2834 1249 2925; x_wconf 84' lang='lat' dir='ltr'><strong>quod</strong></span> <span class='ocrx_word' id='word_1_156' title='bbox 1288 2859 1332 2904; x_wconf 87' lang='lat' dir='ltr'><strong>a</strong></span> <span class='ocrx_word' id='word_1_157' title='bbox 1373 2837 1691 2907; x_wconf 88' lang='lat' dir='ltr'><strong>cornibus</strong></span> <span class='ocrx_word' id='word_1_158' title='bbox 1732 2835 1870 2904; x_wconf 87' lang='lat' dir='ltr'><strong>eius</strong></span> <span class='ocrx_word' id='word_1_159' title='bbox 1914 2834 1984 2902; x_wconf 90' lang='lat' dir='ltr'><strong>in</strong></span> <span class='ocrx_word' id='word_1_160' title='bbox 2027 2840 2234 2924; x_wconf 83' lang='lat' dir='ltr'><strong>capnt</strong></span> <span class='ocrx_word' id='word_1_161' title='bbox 2272 2832 2562 2903; x_wconf 83' lang='lat' dir='ltr'><strong>Exerci-</strong></span> 
     </span>
     <span class='ocr_line' id='line_1_23' title="bbox 317 2935 2562 3031; baseline 0.001 -27"><span class='ocrx_word' id='word_1_162' title='bbox 317 2936 458 3004; x_wconf 86' lang='lat' dir='ltr'><strong>taui</strong></span> <span class='ocrx_word' id='word_1_163' title='bbox 505 2935 800 3005; x_wconf 70' lang='lat' dir='ltr'><strong>resiliens</strong></span> <span class='ocrx_word' id='word_1_164' title='bbox 816 2988 837 3025; x_wconf 90' lang='lat'><strong>,</strong></span> <span class='ocrx_word' id='word_1_165' title='bbox 888 2936 1075 3007; x_wconf 89' lang='lat' dir='ltr'><strong>hunc</strong></span> <span class='ocrx_word' id='word_1_166' title='bbox 1119 2938 1409 3029; x_wconf 84' lang='lat' dir='ltr'><strong>perimit.</strong></span> <span class='ocrx_word' id='word_1_167' title='bbox 1510 2939 1619 3008; x_wconf 88' lang='lat' dir='ltr'><strong>Eo</strong></span> <span class='ocrx_word' id='word_1_168' title='bbox 1651 2947 2006 3031; x_wconf 82' lang='lat' dir='ltr'><strong>praetextu</strong></span> <span class='ocrx_word' id='word_1_169' title='bbox 2031 2935 2371 3023; x_wconf 82' lang='lat' dir='ltr'><strong>Valerius,</strong></span> <span class='ocrx_word' id='word_1_170' title='bbox 2419 2938 2562 3006; x_wconf 84' lang='lat' dir='ltr'><strong>Ar·-</strong></span> 
     </span>
     <span class='ocr_line' id='line_1_24' title="bbox 322 3034 2562 3132; baseline -0.001 -23"><span class='ocrx_word' id='word_1_171' title='bbox 322 3038 428 3131; x_wconf 87' lang='lat' dir='ltr'><strong>gis</strong></span> <span class='ocrx_word' id='word_1_172' title='bbox 445 3071 460 3081; x_wconf 78' lang='lat'><strong>·</strong></span> <span class='ocrx_word' id='word_1_173' title='bbox 479 3040 659 3109; x_wconf 87' lang='lat' dir='ltr'><strong>eiicit</strong></span> <span class='ocrx_word' id='word_1_174' title='bbox 703 3043 1060 3108; x_wconf 85' lang='lat' dir='ltr'><strong>Amtruum</strong></span> <span class='ocrx_word' id='word_1_175' title='bbox 1078 3088 1099 3126; x_wconf 85' lang='lat'><strong>,</strong></span> <span class='ocrx_word' id='word_1_176' title='bbox 1159 3051 1361 3131; x_wconf 91' lang='lat' dir='ltr'><strong>atque</strong></span> <span class='ocrx_word' id='word_1_177' title='bbox 1404 3041 1555 3132; x_wconf 86' lang='lat' dir='ltr'><strong>ipse</strong></span> <span class='ocrx_word' id='word_1_178' title='bbox 1605 3042 1919 3112; x_wconf 86' lang='lat' dir='ltr'><strong>Patulina</strong></span> <span class='ocrx_word' id='word_1_179' title='bbox 1962 3048 2032 3109; x_wconf 92' lang='lat' dir='ltr'><strong>et</strong></span> <span class='ocrx_word' id='word_1_180' title='bbox 2070 3040 2379 3108; x_wconf 85' lang='lat' dir='ltr'><strong>Tortona</strong></span> <span class='ocrx_word' id='word_1_181' title='bbox 2422 3034 2562 3132; x_wconf 52' lang='lat' dir='ltr'><strong>poss-</strong></span> 
     </span>
     <span class='ocr_line' id='line_1_25' title="bbox 318 3138 2562 3240; baseline 0 -30"><span class='ocrx_word' id='word_1_182' title='bbox 318 3143 514 3228; x_wconf 90' lang='lat' dir='ltr'><strong>titur,</strong></span> <span class='ocrx_word' id='word_1_183' title='bbox 581 3142 867 3211; x_wconf 88' lang='lat' dir='ltr'><strong>Fissiam</strong></span> <span class='ocrx_word' id='word_1_184' title='bbox 912 3153 1140 3213; x_wconf 88' lang='lat' dir='ltr'><strong>autem</strong></span> <span class='ocrx_word' id='word_1_185' title='bbox 1205 3146 1548 3215; x_wconf 80' lang='lat' dir='ltr'><strong>arcessitis‘</strong></span> <span class='ocrx_word' id='word_1_186' title='bbox 1588 3145 1857 3239; x_wconf 86' lang='lat' dir='ltr'><strong>Nigrini</strong></span> <span class='ocrx_word' id='word_1_187' title='bbox 1919 3143 2072 3211; x_wconf 83' lang='lat' dir='ltr'><strong>filiis</strong></span> <span class='ocrx_word' id='word_1_188' title='bbox 2090 3190 2113 3229; x_wconf 86' lang='lat'><strong>,</strong></span> <span class='ocrx_word' id='word_1_189' title='bbox 2188 3138 2448 3240; x_wconf 79' lang='grc' dir='ltr'><strong><em>Ἀτρεῖ</em></strong></span> <span class='ocrx_word' id='word_1_190' title='bbox 2492 3152 2562 3211; x_wconf 89' lang='lat' dir='ltr'><strong>et</strong></span> 
     </span>
     <span class='ocr_line' id='line_1_26' title="bbox 323 3246 2561 3344; baseline -0.002 -26"><span class='ocrx_word' id='word_1_191' title='bbox 323 3248 607 3344; x_wconf 69' lang='grc' dir='ltr'><strong><em>Θυέστῃ</em></strong></span> <span class='ocrx_word' id='word_1_192' title='bbox 620 3294 641 3330; x_wconf 88' lang='grc'><em>,</em></span> <span class='ocrx_word' id='word_1_193' title='bbox 693 3247 1015 3315; x_wconf 84' lang='lat' dir='ltr'><strong>Netremo</strong></span> <span class='ocrx_word' id='word_1_194' title='bbox 1052 3257 1131 3316; x_wconf 83' lang='lat' dir='ltr'><strong>et</strong></span> <span class='ocrx_word' id='word_1_195' title='bbox 1168 3248 1412 3333; x_wconf 82' lang='lat' dir='ltr'><strong>Furio,</strong></span> <span class='ocrx_word' id='word_1_196' title='bbox 1464 3248 1689 3316; x_wconf 87' lang='lat' dir='ltr'><strong>tradit.</strong></span> <span class='ocrx_word' id='word_1_197' title='bbox 1789 3247 1989 3317; x_wconf 90' lang='lat' dir='ltr'><strong>Haec</strong></span> <span class='ocrx_word' id='word_1_198' title='bbox 2028 3268 2304 3336; x_wconf 88' lang='lat' dir='ltr'><strong>quoque</strong></span> <span class='ocrx_word' id='word_1_199' title='bbox 2348 3246 2561 3338; x_wconf 85' lang='lat' dir='ltr'><strong>plana</strong></span> 
     </span>
     <span class='ocr_line' id='line_1_27' title="bbox 319 3349 2556 3443; baseline 0 -26"><span class='ocrx_word' id='word_1_200' title='bbox 319 3357 489 3417; x_wconf 89' lang='lat' dir='ltr'><strong>sunt.</strong></span> <span class='ocrx_word' id='word_1_201' title='bbox 591 3349 977 3418; x_wconf 84' lang='lat' dir='ltr'><strong>Praedones</strong></span> <span class='ocrx_word' id='word_1_202' title='bbox 1018 3350 1339 3419; x_wconf 86' lang='lat' dir='ltr'><strong>invadunt</strong></span> <span class='ocrx_word' id='word_1_203' title='bbox 1384 3373 1672 3443; x_wconf 89' lang='lat' dir='ltr'><strong>reguum</strong></span> <span class='ocrx_word' id='word_1_204' title='bbox 1711 3350 2009 3419; x_wconf 82' lang='lat' dir='ltr'><strong>virorum</strong></span> <span class='ocrx_word' id='word_1_205' title='bbox 2047 3349 2556 3435; x_wconf 85' lang='lat' dir='ltr'><strong>bellicosorum,</strong></span> 
     </span>
     <span class='ocr_line' id='line_1_28' title="bbox 320 3450 2558 3544; baseline 0 -27"><span class='ocrx_word' id='word_1_206' title='bbox 320 3453 598 3541; x_wconf 88' lang='lat' dir='ltr'><strong>acrique</strong></span> <span class='ocrx_word' id='word_1_207' title='bbox 624 3450 892 3541; x_wconf 86' lang='lat' dir='ltr'><strong>proelio</strong></span> <span class='ocrx_word' id='word_1_208' title='bbox 925 3452 1295 3523; x_wconf 82' lang='lat' dir='ltr'><strong>fortissimis</strong></span> <span class='ocrx_word' id='word_1_209' title='bbox 1322 3455 1655 3544; x_wconf 74' lang='lat' dir='ltr'><strong>utrimque</strong></span> <span class='ocrx_word' id='word_1_210' title='bbox 1693 3454 1953 3534; x_wconf 84' lang='lat' dir='ltr'><strong>occisis,</strong></span> <span class='ocrx_word' id='word_1_211' title='bbox 2002 3462 2074 3522; x_wconf 89' lang='lat' dir='ltr'><strong>et</strong></span> <span class='ocrx_word' id='word_1_212' title='bbox 2099 3451 2558 3542; x_wconf 83' lang='lat' dir='ltr'><strong>superstitibus</strong></span> 
     </span>
     <span class='ocr_line' id='line_1_29' title="bbox 316 3553 2559 3647; baseline -0.002 -23"><span class='ocrx_word' id='word_1_213' title='bbox 316 3562 580 3624; x_wconf 83' lang='lat' dir='ltr'><strong>tautum</strong></span> <span class='ocrx_word' id='word_1_214' title='bbox 622 3554 787 3622; x_wconf 87' lang='lat' dir='ltr'><strong>hinc</strong></span> <span class='ocrx_word' id='word_1_215' title='bbox 831 3555 1397 3642; x_wconf 76' lang='lat' dir='ltr'><strong>adolescentibuS,</strong></span> <span class='ocrx_word' id='word_1_216' title='bbox 1446 3557 1609 3627; x_wconf 89' lang='lat' dir='ltr'><strong>hinc</strong></span> <span class='ocrx_word' id='word_1_217' title='bbox 1648 3557 2015 3647; x_wconf 80' lang='lat' dir='ltr'><strong>remigibus</strong></span> <span class='ocrx_word' id='word_1_218' title='bbox 2030 3602 2052 3639; x_wconf 93' lang='lat'><strong>,</strong></span> <span class='ocrx_word' id='word_1_219' title='bbox 2103 3576 2259 3623; x_wconf 88' lang='lat' dir='ltr'><strong>cum</strong></span> <span class='ocrx_word' id='word_1_220' title='bbox 2297 3553 2559 3644; x_wconf 88' lang='lat' dir='ltr'><strong>praeda</strong></span> 
     </span>
     <span class='ocr_line' id='line_1_30' title="bbox 319 3657 2559 3751; baseline 0.001 -27"><span class='ocrx_word' id='word_1_221' title='bbox 319 3658 605 3743; x_wconf 86' lang='lat' dir='ltr'><strong>abeunt,</strong></span> <span class='ocrx_word' id='word_1_222' title='bbox 659 3679 945 3747; x_wconf 88' lang='lat' dir='ltr'><strong>eamque</strong></span> <span class='ocrx_word' id='word_1_223' title='bbox 981 3660 1184 3751; x_wconf 79' lang='lat' dir='ltr'><strong>apud.</strong></span> <span class='ocrx_word' id='word_1_224' title='bbox 1211 3659 1558 3750; x_wconf 86' lang='lat' dir='ltr'><strong>hospitem</strong></span> <span class='ocrx_word' id='word_1_225' title='bbox 1574 3707 1595 3743; x_wconf 88' lang='lat'><strong>,</strong></span> <span class='ocrx_word' id='word_1_226' title='bbox 1648 3681 1918 3728; x_wconf 85' lang='lat' dir='ltr'><strong>errones</strong></span> <span class='ocrx_word' id='word_1_227' title='bbox 1936 3679 2180 3726; x_wconf 77' lang='lat' dir='ltr'><strong>‚omnes</strong></span> <span class='ocrx_word' id='word_1_228' title='bbox 2216 3657 2559 3746; x_wconf 86' lang='lat' dir='ltr'><strong>recipien-</strong></span> 
     </span>
     <span class='ocr_line' id='line_1_31' title="bbox 317 3751 2556 3854; baseline 0.001 -27"><span class='ocrx_word' id='word_1_229' title='bbox 317 3768 457 3830; x_wconf 89' lang='lat' dir='ltr'><strong>tem</strong></span> <span class='ocrx_word' id='word_1_230' title='bbox 471 3809 492 3846; x_wconf 90' lang='lat'><strong>,</strong></span> <span class='ocrx_word' id='word_1_231' title='bbox 555 3760 953 3854; x_wconf 86' lang='lat' dir='ltr'><strong>relinquunt.</strong></span> <span class='ocrx_word' id='word_1_232' title='bbox 1058 3761 1247 3830; x_wconf 87' lang='lat' dir='ltr'><strong>Missi</strong></span> <span class='ocrx_word' id='word_1_233' title='bbox 1291 3751 1494 3848; x_wconf 78' lang='lat' dir='ltr'><strong>illuc,</strong></span> <span class='ocrx_word' id='word_1_234' title='bbox 1546 3762 1665 3851; x_wconf 92' lang='lat' dir='ltr'><strong>qui</strong></span> <span class='ocrx_word' id='word_1_235' title='bbox 1713 3784 1865 3829; x_wconf 81' lang='lat' dir='ltr'><strong>eam</strong></span> <span class='ocrx_word' id='word_1_236' title='bbox 1911 3758 2364 3845; x_wconf 46' lang='lat' dir='ltr'><strong>sindicment,</strong></span> <span class='ocrx_word' id='word_1_237' title='bbox 2431 3760 2556 3829; x_wconf 92' lang='lat' dir='ltr'><strong>ubi</strong></span> 
     </span>
     <span class='ocr_line' id='line_1_32' title="bbox 318 3862 2557 3957; baseline 0 -26"><span class='ocrx_word' id='word_1_238' title='bbox 318 3864 692 3950; x_wconf 87' lang='lat' dir='ltr'><strong>redierunt,</strong></span> <span class='ocrx_word' id='word_1_239' title='bbox 756 3864 989 3932; x_wconf 84' lang='lat' dir='ltr'><strong>tuendi</strong></span> <span class='ocrx_word' id='word_1_240' title='bbox 1030 3866 1227 3957; x_wconf 89' lang='lat' dir='ltr'><strong>regni</strong></span> <span class='ocrx_word' id='word_1_241' title='bbox 1263 3887 1427 3935; x_wconf 88' lang='lat' dir='ltr'><strong>cura</strong></span> <span class='ocrx_word' id='word_1_242' title='bbox 1467 3866 1545 3934; x_wconf 87' lang='lat' dir='ltr'><strong>iis</strong></span> <span class='ocrx_word' id='word_1_243' title='bbox 1592 3863 2056 3932; x_wconf 78' lang='lat' dir='ltr'><strong>demandatur.</strong></span> <span class='ocrx_word' id='word_1_244' title='bbox 2155 3862 2337 3949; x_wconf 85' lang='lat' dir='ltr'><strong>Sed,</strong></span> <span class='ocrx_word' id='word_1_245' title='bbox 2391 3862 2557 3931; x_wconf 90' lang='lat' dir='ltr'><strong>dum</strong></span> 
     </span>
     <span class='ocr_line' id='line_1_33' title="bbox 316 3947 2559 4090; baseline 0.001 -57"><span class='ocrx_word' id='word_1_246' title='bbox 316 3976 720 4059; x_wconf 86' lang='lat' dir='ltr'><strong>recuperata</strong></span> <span class='ocrx_word' id='word_1_247' title='bbox 760 3947 1192 4059; x_wconf 83' lang='lat' dir='ltr'><strong>explorantur</strong></span> <span class='ocrx_word' id='word_1_248' title='bbox 1220 3978 1300 4037; x_wconf 91' lang='lat' dir='ltr'><strong>et</strong></span> <span class='ocrx_word' id='word_1_249' title='bbox 1289 3975 1847 4090; x_wconf 76' lang='lat' dir='ltr'><strong>percenseatur,</strong></span> <span class='ocrx_word' id='word_1_250' title='bbox 1885 3989 2044 4057; x_wconf 83' lang='lat' dir='ltr'><strong>pars</strong></span> <span class='ocrx_word' id='word_1_251' title='bbox 2086 3963 2319 4035; x_wconf 89' lang='lat' dir='ltr'><strong>deesse</strong></span> <span class='ocrx_word' id='word_1_252' title='bbox 2361 3966 2559 4035; x_wconf 84' lang='lat' dir='ltr'><strong>vide-</strong></span> 
     </span>
     <span class='ocr_line' id='line_1_34' title="bbox 269 4065 2559 4163; baseline -0.001 -25"><span class='ocrx_word' id='word_1_253' title='bbox 269 4072 277 4078; x_wconf 81' lang='grc'><strong>’</strong></span> <span class='ocrx_word' id='word_1_254' title='bbox 317 4076 457 4139; x_wconf 79' lang='lat' dir='ltr'><strong>tur:</strong></span> <span class='ocrx_word' id='word_1_255' title='bbox 530 4065 715 4140; x_wconf 89' lang='lat' dir='ltr'><strong>unde</strong></span> <span class='ocrx_word' id='word_1_256' title='bbox 763 4079 915 4139; x_wconf 89' lang='lat' dir='ltr'><strong>orto</strong></span> <span class='ocrx_word' id='word_1_257' title='bbox 957 4072 1279 4157; x_wconf 87' lang='lat' dir='ltr'><strong>tumultu,</strong></span> <span class='ocrx_word' id='word_1_258' title='bbox 1346 4094 1466 4140; x_wconf 82' lang='lat' dir='ltr'><strong>rex</strong></span> <span class='ocrx_word' id='word_1_259' title='bbox 1504 4073 1651 4163; x_wconf 87' lang='lat' dir='ltr'><strong>ipse</strong></span> <span class='ocrx_word' id='word_1_260' title='bbox 1700 4069 1912 4161; x_wconf 81' lang='lat' dir='ltr'><strong>perit.</strong></span> <span class='ocrx_word' id='word_1_261' title='bbox 1980 4089 2119 4159; x_wconf 91' lang='lat' dir='ltr'><strong>quo</strong></span> <span class='ocrx_word' id='word_1_262' title='bbox 2167 4069 2388 4156; x_wconf 84' lang='lat' dir='ltr'><strong>facto,</strong></span> <span class='ocrx_word' id='word_1_263' title='bbox 2440 4071 2559 4159; x_wconf 88' lang='lat' dir='ltr'><strong>qui</strong></span> 
     </span>
     <span class='ocr_line' id='line_1_35' title="bbox 319 4173 2642 4265; baseline -0.001 -23"><span class='ocrx_word' id='word_1_264' title='bbox 319 4175 622 4263; x_wconf 86' lang='lat' dir='ltr'><strong>potentia</strong></span> <span class='ocrx_word' id='word_1_265' title='bbox 664 4176 1009 4260; x_wconf 82' lang='lat' dir='ltr'><strong>valebant,</strong></span> <span class='ocrx_word' id='word_1_266' title='bbox 1088 4197 1226 4243; x_wconf 88' lang='lat' dir='ltr'><strong>non</strong></span> <span class='ocrx_word' id='word_1_267' title='bbox 1271 4176 1490 4245; x_wconf 89' lang='lat' dir='ltr'><strong>sinunt</strong></span> <span class='ocrx_word' id='word_1_268' title='bbox 1544 4175 1702 4243; x_wconf 86' lang='lat' dir='ltr'><strong>illos</strong></span> <span class='ocrx_word' id='word_1_269' title='bbox 1748 4196 2010 4241; x_wconf 80' lang='lat' dir='ltr'><strong>summa</strong></span> <span class='ocrx_word' id='word_1_270' title='bbox 2060 4195 2288 4243; x_wconf 89' lang='lat' dir='ltr'><strong>rerum</strong></span> <span class='ocrx_word' id='word_1_271' title='bbox 2327 4173 2556 4265; x_wconf 89' lang='lat' dir='ltr'><strong>potiri,</strong></span> <span class='ocrx_word' id='word_1_272' title='bbox 2638 4194 2642 4198; x_wconf 54' lang='lat'><strong>⁴</strong></span> 
     </span>
     <span class='ocr_line' id='line_1_36' title="bbox 323 4274 2556 4399; baseline 0 -57"><span class='ocrx_word' id='word_1_273' title='bbox 323 4278 441 4345; x_wconf 86' lang='lat' dir='ltr'><strong>sed</strong></span> <span class='ocrx_word' id='word_1_274' title='bbox 488 4278 781 4399; x_wconf 85' lang='lat' dir='ltr'><strong>abigunt</strong></span> <span class='ocrx_word' id='word_1_275' title='bbox 818 4297 977 4363; x_wconf 87' lang='lat' dir='ltr'><strong>eos,</strong></span> <span class='ocrx_word' id='word_1_276' title='bbox 1020 4278 1283 4368; x_wconf 82' lang='lat' dir='ltr'><strong>ipsique</strong></span> <span class='ocrx_word' id='word_1_277' title='bbox 1329 4278 1693 4370; x_wconf 89' lang='lat' dir='ltr'><strong>imperium</strong></span> <span class='ocrx_word' id='word_1_278' title='bbox 1730 4274 2115 4363; x_wconf 86' lang='lat' dir='ltr'><strong>invadunt,</strong></span> <span class='ocrx_word' id='word_1_279' title='bbox 2140 4287 2336 4368; x_wconf 91' lang='lat' dir='ltr'><strong>parte</strong></span> <span class='ocrx_word' id='word_1_280' title='bbox 2357 4276 2556 4367; x_wconf 89' lang='lat' dir='ltr'><strong>regni</strong></span> 
     </span>
     <span class='ocr_line' id='line_1_37' title="bbox 320 4380 2556 4476; baseline -0.001 -27"><span class='ocrx_word' id='word_1_281' title='bbox 320 4382 672 4450; x_wconf 82' lang='lat' dir='ltr'><strong>commissa</strong></span> <span class='ocrx_word' id='word_1_282' title='bbox 718 4380 873 4449; x_wconf 83' lang='lat' dir='ltr'><strong>viris</strong></span> <span class='ocrx_word' id='word_1_283' title='bbox 931 4382 1159 4472; x_wconf 86' lang='lat' dir='ltr'><strong>impiis</strong></span> <span class='ocrx_word' id='word_1_284' title='bbox 1175 4430 1197 4468; x_wconf 92' lang='lat'><strong>,</strong></span> <span class='ocrx_word' id='word_1_285' title='bbox 1275 4404 1567 4473; x_wconf 87' lang='lat' dir='ltr'><strong>quorum</strong></span> <span class='ocrx_word' id='word_1_286' title='bbox 1605 4381 1987 4476; x_wconf 80' lang='lat' dir='ltr'><strong>malignitas</strong></span> <span class='ocrx_word' id='word_1_287' title='bbox 2041 4380 2279 4473; x_wconf 88' lang='lat' dir='ltr'><strong>magni</strong></span> <span class='ocrx_word' id='word_1_288' title='bbox 2318 4388 2556 4471; x_wconf 83' lang='lat' dir='ltr'><strong>postea</strong></span> 
     </span>
     <span class='ocr_line' id='line_1_38' title="bbox 320 4481 1158 4556; baseline 0.001 -4"><span class='ocrx_word' id='word_1_289' title='bbox 320 4481 583 4556; x_wconf 87' lang='lat' dir='ltr'><strong>discidii</strong></span> <span class='ocrx_word' id='word_1_290' title='bbox 621 4506 858 4556; x_wconf 83' lang='lat' dir='ltr'><strong>caussa</strong></span> <span class='ocrx_word' id='word_1_291' title='bbox 894 4486 1158 4554; x_wconf 81' lang='lat' dir='ltr'><strong>exstitit.</strong></span> 
     </span>
    </p>
   </div>
  </div>
 </body>
</html>
