3325 5317
650 434 842 504 „23⁰
1151 425 1589 491 CENSV'RA
1639 425 1965 489 NOVAE
2020 424 2518 487 Entrloms

712 625 887 692 quae
915 601 1397 674 Valckenarius
1421 601 1685 693 scripsit
1711 600 1804 669 ad
1829 599 2214 691 fragmenta
2241 594 2650 666 Callimachi
2673 619 2747 688 p.
2777 595 2950 666 233.

714 706 1075 778 Caeterum
1104 706 1344 797 insigni
1369 705 1721 798 diligentia
1754 703 2034 772 efficere
2060 701 2460 770 studuerunt
2471 700 2789 770 Editores
2819 700 2951 770 do·-

622 814 708 876 10
721 808 991 879 ctissimi
1032 810 1105 876 in
1134 807 1567 877 adnotatione
1605 807 1800 876 tertia
1838 830 1911 898 p.
1939 804 2062 873 43.
2099 803 2338 898 ἅβρα,
2388 826 2528 872 ιιοιι
2569 802 2767 898 ἅβρα
2811 827 2952 873 esse

714 911 1144 980 scribendum
1159 960 1180 997 ‚
1244 911 1577 1000 siquidem
1620 910 1909 980 librariis
1953 909 2023 977 in
2068 907 2460 977 huiusmodi
2500 929 2575 974 re
2614 907 2788 975 fides
2819 916 2949 994 est,

643 1073 646 1080 ,
714 1014 833 1103 qui
858 1035 1063 1106 saepe
1096 1016 1165 1082 in
1207 1015 1543 1104 spiritibus
1569 1012 1905 1106 ponendis
1939 1011 2498 1104 negligentissimi
2537 1019 2705 1083 sunt.
2810 1012 2953 1082 Ac-

716 1117 897 1186 cedit
910 1166 932 1203 ‚
982 1117 1173 1208 quod
1199 1119 1529 1188 recentior
1552 1116 2026 1208 pronunciatio
2042 1163 2063 1200 ‚
2115 1136 2291 1204 quae
2325 1115 2686 1182 etiamnum
2726 1113 2799 1181 in·
2829 1137 2953 1183 usu

714 1230 814 1290 est
889 1221 1203 1308 Graecis,
1297 1242 1438 1290 non
1516 1222 1693 1290 solet
1778 1220 2158 1311 exprimere
2229 1219 2538 1309 spiritum
2621 1239 2952 1307 asperum.

717 1324 948 1408 Quare
978 1323 1171 1415 quod
1212 1324 1396 1392 aiunt
1420 1325 1766 1393 Editores:
1815 1362 1922 1374 —
1972 1371 2017 1409 ,‚
2035 1318 2349 1390 Atticam'
2367 1344 2526 1388 sane
2556 1320 2953 1411 scripturam

716 1449 861 1495 esse
894 1421 1156 1522 (ἱβρός,
1210 1449 1348 1496 non
1385 1421 1650 1521 οἷβρός,
1701 1426 1974 1494 minime
2018 1425 2301 1493 dubium
2348 1434 2482 1509 est,
2533 1433 2609 1491 ut
2640 1424 2797 1492 satis
2826 1433 2954 1515 pa-

713 1539 815 1597 tet
855 1552 939 1600 ex
977 1532 1058 1600 iis
1074 1578 1097 1614 ‚
1162 1547 1340 1620 quae
1385 1553 1588 1621 supra
1633 1528 2029 1597 notavimus.
2145 1527 2360 1626 Atqui
2409 1549 2628 1615 aeque
2683 1537 2874 1618 patet
2917 1550 2956 1595 e

714 1633 884 1703 locis
918 1607 1014 1703 ibi
1049 1634 1376 1719 laudatiS,
1426 1631 1851 1754 Ἑλληνικῶς
1889 1630 2273 1721 scripsisse“
2338 1631 2740 1721 („scriptum
2770 1635 2955 1699 esse“

716 1737 948 1805 dicere
983 1737 1335 1826 volebant)
1389 1779 1436 1820 ,
1414 1728 1683 1828 ἁβρός
1699 1785 1721 1819 ,
1776 1757 1914 1802 ιιοιι
1959 1727 2184 1830 οἷβρὸς
2196 1739 2273 1823 ,“
2339 1734 2541 1801 valde
2576 1733 2954 1802 dubitamus

718 1862 807 1907 an
833 1860 973 1907 non
999 1840 1081 1907 sit
1110 1862 1367 1907 verum.
1468 1837 1681 1907 Redit
1707 1839 1887 1906 enim
1934 1859 2040 1904 res
2053 1886 2073 1920 ,
2125 1837 2180 1904 si
2221 1838 2306 1905 ab
2342 1836 2667 1926 exemplis
2707 1837 2956 1907 disces-

716 1941 910 2024 seris,
956 1942 1026 2009 in
1068 1943 1312 2031 quibus
1351 1940 1604 2009 librarii
1634 1941 1860 2010 lenem
1901 1941 2215 2032 spiritum
2244 1949 2648 2029 posuerunt,
2701 1941 2793 2008 ad
2835 1964 2955 2008 au·-

717 2044 1095 2115 ctoritatem
1134 2044 1506 2129 Eustachii,
1531 2063 1537 2069 ·
1573 2067 1779 2133 quem
1824 2054 2137 2135 apertum
2183 2052 2283 2111 est
2339 2042 2721 2118 dubitanter
2766 2043 2955 2132 loqui

717 2156 785 2215 et
812 2148 942 2233 ita,
991 2158 1069 2218 ιιι
1111 2148 1457 2216 dumtaxat
1487 2148 1943 2220 coniecturam
1982 2146 2204 2216 faciat.
2308 2146 2428 2216 Sic
2470 2146 2650 2214 enim
2697 2148 2957 2217 scribit.

718 2247 842 2323 ὅτι
888 2250 967 2325 δὲ
1018 2278 1137 2323 και
1188 2279 1276 2324 το
1330 2243 1592 2344 αβρός,
1664 2253 1873 2347 εἴπερ
1937 2254 2010 2322 ἐκ
2061 2249 2201 2322 τοῦ
2251 2250 2302 2320 ἆ
2364 2250 2791 2346 στερητικοῦ
2841 2246 2999 2344 ιιιιψιὶν

716 2353 858 2427 τοῦ
917 2348 1147 2448 βάρος
1195 2346 1612 2478 βαρυτόνου
1665 2352 2032 2427 δασυνθὲν
2091 2348 2443 2433 Ἀττικαῖς
2503 2350 2625 2424 καὶ
2690 2378 2951 2445 συγκο-

715 2457 849 2529 niv
900 2450 1347 2555 ὦευτονήθη
1398 2493 1506 2509 —-
1554 2456 1636 2524 In
1663 2457 1909 2525 eadem
1952 2475 2127 2522 voce
2160 2453 2353 2544 quod
2385 2456 2684 2536 scribunt
2710 2447 2957 2524 Edito-

717 2575 823 2627 res
867 2581 940 2650 p.
986 2557 1113 2633 44
1157 2559 1638 2645 „Schneidero
1674 2559 1744 2627 in
1767 2560 1933 2628 Lex.
1973 2567 2130 2658 post
2170 2557 2518 2647 Guyetum
2545 2580 2659 2650 ap.
2692 2560 2953 2632 Albert.

719 2662 808 2729 ad
853 2662 1014 2734 Hes.
1064 2685 1126 2730 v.
1160 2661 1426 2783 ἅβραι,
1479 2684 1613 2731 vox
1644 2656 1871 2759 ἅβρας
1909 2661 2174 2735 videtur
2202 2661 2621 2730 descendere
2659 2664 2749 2731 ab
2784 2660 2954 2759 ἅβη,

717 2758 1764 2861 ἧβη,ᾰβερός,1ιιιιιιςίιιοειι3
1780 2814 1800 2849 ,
1877 2765 2123 2837 mollis,
2228 2766 2346 2834 At
2388 2765 2569 2834 hanc
2620 2766 2959 2855 etymolo-

719 2869 909 2958 giam
949 2889 1094 2935 esse
1137 2867 1380 2936 falsam
1431 2871 1636 2960 plane
1681 2868 1927 2938 evincit
1971 2867 2233 2958 primae
2275 2868 2576 2958 syllabae
2610 2869 2958 2957 quantitasx,

719 2992 897 3058 quae
941 2992 1212 3062 semper
1254 2971 1443 3061 apud
1479 2972 1873 3040 vetustiores
1928 2973 2286 3062 scriptores
2335 2973 2774 3062 corripitur‚“
2826 2994 2958 3041 non

719 3065 875 3140 satis
899 3073 1226 3164 pensitate
1253 3073 1509 3144 dictum
1538 3084 1873 3166 putamus.
1976 3076 2155 3144 Nam
2187 3084 2264 3142 ut
2294 3074 2539 3142 falsum
2567 3075 2685 3160 sit,
2739 3068 2961 3171 ἄβρός

721 3177 808 3244 ab
842 3172 1000 3271 ἥβη
1013 3175 1388 3244 derivatum
1434 3200 1610 3263 esse,
1662 3179 1754 3247 de
1795 3200 1936 3268 quo
1967 3200 2105 3245 non
2136 3178 2624 3264 contendimuS,
2677 3188 2749 3246 at
2777 3186 2959 3247 recte

717 3286 943 3345 tamen
977 3277 1066 3346 ab
1112 3275 1263 3373 ἥβω
1276 3333 1305 3367 ,
1356 3280 1540 3348 unde
1586 3276 1724 3400 ἥβη
1765 3291 1898 3367 est,
1951 3280 2346 3350 deducetur.
2417 3281 2524 3349 Ita
2573 3305 2614 3349 a
2649 3274 2842 3375 τῆκω
2883 3280 2961 3347 fit

718 3374 1062 3479 taxeotis,
1110 3382 1205 3449 ab
1250 3379 1393 3478 ἥδω
1440 3379 1694 3481 ἄδρυς,
1747 3408 1789 3451 a
1840 3376 2044 3477 σήθω
2089 3378 2402 3478 σαθρος,
2469 3409 2512 3452 a
2563 3378 2765 3478 σήπω
2819 3410 2958 3456 σα-

718 3510 939 3579 προς,
1021 3494 1095 3555 et
1143 3484 1276 3552 alia
1323 3485 1621 3554 similiter
1684 3486 1999 3586 plurima.
2122 3488 2363 3575 Neque
2407 3486 2583 3556 illud
2648 3495 2961 3568 accurate

719 3586 1011 3674 dictum,
1079 3588 1269 3680 apud
1324 3588 1713 3657 vetustiores
1765 3570 2123 3681 scriptores
2183 3592 2455 3682 corripi.
2557 3590 2962 3660 Producitur

722 3690 929 3758 enim
954 3692 1145 3783 apud
1191 3694 1722 3762 Anacreontem
1749 3702 1817 3762 et
1879 3693 2244 3761 Pindarum
2259 3742 2281 3780 ‚
2361 3694 2720 3786 corripitur
2775 3692 2961 3785 apud

720 3792 982 3862 Atticos
998 3846 1020 3882 ,
1073 3794 1286 3883 quod
1345 3794 1422 3862 hi
1472 3794 1956 3888 productiones
2007 3806 2290 3887 propter
2340 3806 2597 3866 mutam
2666 3820 2824 3867 cum
2875 3796 2961 3862 li-

722 3894 931 3981 quida
966 3918 1104 3964 non
1146 3907 1403 3967 amant:
1454 3922 1868 3988 quamquam
1910 3900 1980 3967 in
2025 3900 2412 3992 compositis
2458 3901 2660 3968 etiam
2691 3901 2959 3969 Attico-

721 4017 875 4064 rum
916 4009 1167 4089 poetae
1205 4002 1448 4092 tragici
1492 4002 1992 4094 produxerunt:
2043 4026 2265 4092 neque
2317 4004 2494 4072 enim
2541 4013 2778 4073 natura
2807 4005 2961 4072 lon-

723 4120 892 4190 gum
932 4110 1031 4169 est
1071 4130 1135 4174 α.
1164 4103 1235 4172 in
1274 4103 1410 4173 hac
1451 4128 1643 4177 voce.

925 4305 1190 4376 Similia
1220 4310 1557 4397 quaedam
1592 4312 1809 4382 notari
1859 4335 2064 4404 posse
2105 4311 2408 4380 videmus
2451 4309 2524 4379 in
2549 4332 2723 4381 voce
2752 4308 2954 4403 ἄγαν.

724 4407 927 4492 Cuius
1015 4433 1227 4500 quum
1304 4411 1482 4481 duas
1554 4415 2072 4506 significationes
2148 4416 2479 4507 posuisset
2554 4415 2956 4524 Stephanus,
