3325 5317
688 444 777 506 74
1173 447 1178 455 ’
1244 438 1363 500 DE
1425 435 1905 500 AESCHYLI
1961 437 2373 500 GLAVCIS

691 612 977 704 diporto
1029 633 1158 680 con
1209 612 1398 682 altre
1448 610 1771 680 donzelle
1822 611 2009 681 nelle
2056 632 2449 682 maremme
2511 610 2594 681 di
2654 610 2935 682 Vibone.

561 749 567 754 ·
691 713 829 784 Μὰ
891 714 1135 807 doppo
1188 713 1768 808 savolosamente
1822 716 1849 782 i
1910 715 2116 785 Poeti
2163 714 2450 811 finsero
2494 711 2756 809 questa
2802 736 2932 784 ra-

680 819 869 912 pina
922 816 972 888 ὰ
1008 817 1452 911 Proserpina
1469 815 1835 914 figliuola
1875 819 1957 888 di
1996 818 2297 897 Cerere3
2340 841 2479 888 non
2529 819 2811 888 dimeno
2855 820 2937 888 la

601 925 685 987 16
696 919 932 992 verita
980 922 1105 991 del
1138 919 1345 1014 fatto
1397 921 1436 991 ὲ
1476 921 1783 992 secondo
1827 921 1960 993 che
2019 923 2182 992 dice
2224 921 2489 992 Proelo
2533 919 2695 991 nell’
2746 921 2934 1016 Epi-

694 1033 881 1094 tome
928 1026 1025 1095 de
1082 1023 1420 1095 Oraeulis
1438 1073 1458 1111 ,
1532 1048 1573 1095 e
1622 1022 1666 1095 l'
1700 1024 2087 1095 habbiamo
2136 1034 2527 1106 aceennato
2588 1025 2709 1094 nel
2753 1047 2936 1119 pre-

690 1130 986 1198 cedente
1033 1127 1237 1216 libro,
1289 1129 1473 1198 dove
1520 1126 1575 1199 s’
1627 1126 1669 1199 ὲ
1714 1130 2052 1199 descritto
2099 1136 2279 1200 tutto
2329 1126 2378 1199 ’l
2406 1149 2728 1199 successo
2762 1126 2929 1199 dell’

690 1231 990 1302 historia
1007 1280 1029 1318 ‚
1098 1253 1139 1302 e
1190 1230 1443 1326 percio
1502 1255 1641 1301 non
1709 1233 1779 1303 lo
1826 1233 2301 1326 replicaremo
2363 1232 2446 1301 di
2492 1254 2691 1301 novo.
2795 1229 2934 1302 Μὰ
2999 1227 3003 1229 ἡ

692 1336 812 1406 ehi
859 1337 1066 1405 vuele
1112 1358 1376 1430 sapere
1413 1335 1547 1430 piis
1599 1343 2064 1422 certamente,
2154 1336 2289 1405 che
2337 1334 2781 1428 Proserpina
2824 1336 2939 1405 sia

686 1446 887 1509 stata
933 1437 1250 1508 rubbata
1299 1440 1406 1508 da
1455 1439 1764 1510 Plutone
1823 1441 1943 1509 nel
2009 1440 2161 1509 lido
2219 1440 2345 1509 del
2404 1460 2614 1508 mare
2675 1438 2756 1507 di
2814 1436 2881 1507 V
2873 1439 2939 1510 i-
3020 1531 3024 1536 .

693 1542 906 1629 bone,
987 1543 1228 1637 legga
1292 1541 1585 1613 Messer'
1621 1541 2028 1613 Franeesco
2096 1541 2382 1613 Alunno
2432 1543 2539 1612 da
2585 1541 2939 1627 Ferrara,

689 1647 888 1716 nella
935 1669 1072 1715 saa
1099 1645 1412 1740 fabrica
1437 1648 1562 1717 del
1589 1648 1851 1716 mondo
1859 1669 1888 1727 ‚-
1937 1646 2121 1716 dove
2148 1647 2569 1717 assentendo
2610 1646 2735 1715 all’
2765 1667 2937 1738 opes·

690 1751 895 1819 nione
944 1750 1026 1819 di
1053 1749 1411 1819 Strabone
1457 1750 1575 1820 nel
1624 1757 1929 1820 trattato
1979 1750 2182 1819 della
2229 1751 2463 1836 Luna,
2512 1771 2658 1818 usa
2700 1749 2939 1841 queste

681 1853 965 1946 parole.
1070 1851 1630 1946 Proserpina
1696 1854 1787 1922 in
1851 1853 2149 1923 latino
2202 1854 2580 1946 laquale
2628 1848 2938 1945 quella

693 1955 1201 2024 medesima
1261 1955 1334 2043 ὲ,
1406 1956 1714 2027 chela
1762 1956 2054 2041 Luna,
2139 1957 2536 2026 secondo
2594 1957 2623 2024 i
2672 1955 2940 2026 Poeti

673 2058 791 2153 sic
818 2057 1297 2152 figliuola
1353 2058 1446 2130 di
1495 2059 1823 2147 Giove‚
1885 2082 1926 2129 e
1975 2061 2069 2130 di
2125 2058 2498 2145 Cerere,
2552 2058 2939 2128 essendo

690 2185 802 2232 un
869 2163 1210 2256 giorno
1269 2159 1401 2232 ne’
1474 2164 1744 2258 parti
1809 2160 2043 2234 dell'
2097 2163 2339 2234 isola
2395 2163 2490 2233 di
2557 2160 2935 2248 Sicilia,

692 2264 736 2335 ὁ
782 2288 1018 2359 pure
1071 2266 1165 2335 di
1239 2264 1587 2336 Vibona
1641 2268 1735 2337 in
1787 2265 2278 2353 Calabria,
2352 2287 2598 2336 eome
2655 2261 2727 2335 c’
2806 2265 2934 2333 in-

690 2389 984 2463 segna
1047 2369 1506 2442 Strabone
1570 2368 1622 2441 ὰ
1691 2370 2059 2464 eoglier
2099 2369 2381 2464 fiori,
2427 2368 2543 2463 sic
2598 2367 2941 2439 vedrita

691 2472 812 2543 da
846 2472 1236 2544 Plutone
1275 2473 1450 2545 Dio
1492 2470 1705 2546 dell‘
1747 2473 2168 2568 Inferno‚
2221 2474 2294 2543 il
2342 2473 2617 2566 quale
2653 2493 2940 2565 preso

691 2576 961 2647 dalla
1030 2576 1444 2647 bellezza
1515 2577 1785 2647 della
1834 2576 2380 2671 faneiulla‚·
2435 2577 2526 2645 la
2606 2573 2814 2669 rapi
2897 2597 2940 2643 e

671 2679 1101 2775 fecesela
1160 2682 1549 2773 moglie3
1627 2703 1721 2749 ne
1764 2680 1985 2751 eredo
2029 2679 2164 2749 che
2216 2677 2574 2751 Strabone
2619 2676 2939 2747 harebbe

691 2784 1071 2876 insegnato
1136 2780 1187 2851 ὰ
1241 2785 1360 2854 noi
1408 2791 1658 2876 questa
1712 2782 2030 2852 dottrina
2083 2780 2137 2852 ε’
2191 2784 2345 2877 egli
2395 2784 2640 2877 primo
2688 2782 2770 2851 di
2819 2781 2948 2850 noi

691 2907 832 2955 non
876 2881 920 2954 l‘
958 2885 1257 2955 havesse
1299 2887 1673 2980 imparata
1714 2886 1915 2968 dalle
1938 2886 2271 2955 seritture
2297 2886 2383 2970 di,
2407 2885 2694 2955 Proclo.
2738 2886 2947 2955 Haec·

691 2989 1132 3077 MarafiotuS‚
1185 2988 1304 3079 qui
1347 2990 1531 3061 unde
1573 2981 1910 3083 ignotum'
1937 2989 2156 3060 doctis
2191 2990 2423 3059 Procli
2461 2989 2713 3058 librum
2743 3010 2940 3059 com-

691 3102 1028 3163 memoret
1041 3142 1063 3180 ‚
1145 3093 1452 3164 laetabor
1465 3144 1487 3181 ,
1527 3095 1623 3173 ,εἰ
1684 3095 1832 3185 quis
1893 3093 2072 3163 mihi
2138 3093 2652 3163 monstraverit(
2750 3091 2939 3160 Illud

694 3197 836 3267 seio
851 3248 870 3279 ,
941 3198 1034 3266 de
1073 3197 1478 3289 Proserpina
1526 3198 1895 3291 Hermippi
1965 3198 2017 3266 f.
2070 3220 2279 3288 quam
2341 3197 2547 3267 Pluto
2569 3245 2591 3283 ,
2658 3204 2940 3288 patruus

695 3301 840 3371 eius
856 3348 879 3387 ‚
946 3301 1172 3393 pirata
1218 3301 1483 3372 Siculus
1539 3303 1875 3393 rapuerit,
1940 3301 2144 3371 etiam
2205 3302 2683 3393 compilatores
2723 3320 2938 3389 quos—-

693 3403 859 3474 dam
915 3403 1292 3474 lexicorum
1349 3403 1983 3499 geographicorum
2041 3406 2114 3473 in
2165 3404 2438 3474 nomine
2511 3401 2685 3472 Vibo
2741 3425 2941 3471 men-

692 3510 949 3578 tionem
1003 3509 1295 3582 iniieere.
1396 3508 1545 3578 'Sed
1594 3519 1883 3602 apparet
1918 3520 2147 3578 tamen
2185 3530 2269 3579 ex
2300 3509 2408 3575 his
2436 3507 2777 3593 omnibuS‚
2827 3528 2940 3574 sa·-

693 3614 776 3681 tis
832 3613 1201 3683 commode
1249 3613 1321 3692 in
1368 3611 1683 3684 Orestem
1739 3612 2077 3703 quadrare
2166 3622 2237 3684 et
2285 3604 2567 3707 λουτροέ
2625 3609 2785 3696 illa,
2869 3618 2944 3677 et

693 3715 1048 3808 Rhegium
1066 3765 1088 3803 ,
1124 3717 1402 3807 quique
1442 3717 1624 3787 circa
1670 3727 1820 3785 sunt
1868 3717 2010 3787 loci
2026 3764 2048 3802 ,
2112 3716 2183 3784 in
2235 3715 2480 3804 quibus
2536 3721 2939 3804 corruptum

694 3840 945 3888 nomen
981 3820 1307 3917 Ξιφίρου
1356 3813 1578 3917 λιμήν
1615 3821 1770 3890 satis
1805 3820 2128 3913 singulari
2167 3820 2433 3887 ratione
2462 3816 2552 3885 ad
2578 3833 2941 3886 conserva-

696 3931 845 3990 tum
901 3924 973 3991 in
1025 3923 1151 3990 ista
1202 3924 1486 4016 regione
1545 3947 1773 3994 ensem
1821 3922 2077 3994 Orestis
2127 3921 2438 3991 alludere
2496 3920 2763 3990 videtur
2778 3969 2800 4007 ‚
2858 3928 2939 3987 ut

699 4025 1054 4118 suspiceris
1093 4026 1414 4096 eumdem
1471 4051 1616 4099 esse
1666 4037 1944 4120 portum
1960 4075 1982 4112 ,
2061 4049 2268 4115 quem
2320 4026 2435 4094 alii
2497 4023 2755 4094 orestis
2813 4044 2946 4092 vo·-

697 4137 872 4201 cant.
975 4128 1286 4219 Denique
1335 4133 1431 4203 sic
1471 4134 1675 4202 etiam
1734 4130 1999 4202 Lichae
2046 4129 2341 4198 tumulus
2401 4128 2787 4226 offensione·
2818 4148 2940 4195 ea·-

569 4235 611 4287 ·¹
698 4232 905 4319 rebit,
981 4232 1403 4324 Euboeaque
1479 4258 1522 4302 a
1602 4236 1874 4328 Glauco
1958 4240 2489 4308 commemorata
2569 4229 2938 4322 putabitur,

701 4337 872 4406 alios
910 4333 1351 4429 praedicente
1392 4359 1649 4423 errores
1681 4338 1938 4409 Orestis
1956 4386 1977 4423 ‚
2028 4349 2234 4426 quem
2275 4357 2414 4406 non
2453 4334 2668 4404 modo
2709 4333 2937 4402 Brau-

700 4463 937 4512 ronem
987 4440 1056 4510 in
1103 4441 1332 4515 Attica
1396 4441 1792 4535 deportasse
1851 4441 2110 4512 Dianae
2174 4441 2606 4513 simulacrum
2658 4436 2940 4528 quidam
