3325 5317
760 495 890 560 24⁰
1223 490 1659 555 CENSVRA
1700 491 2019 554 NOVAE
2058 492 2547 555 EDITIONIS

761 668 924 736 bere
961 672 1315 758 putantur,
1363 664 1756 736 faciendum
1798 675 1959 736 erat.
2066 664 2341 751 Quanto
2374 665 2618 737 rectius
2664 664 2812 756 ipse
2843 662 3003 735 Ste-

685 823 694 834 ,
759 769 1029 861 phanns
1079 791 1164 837 eo
1204 771 1358 860 ipso
1396 769 1595 855 loco,
1660 769 1752 839 de
1789 769 2129 840 vocabulo
2165 768 2420 852 ἄξυλος
2461 770 2782 858 loquens,
2846 778 3003 856 ‚„ut

760 873 1031 942 docebo
1044 877 1114 957 ,“
1163 873 1408 961 inquit,
1462 894 1644 958 „suo
1677 874 1871 957 loco,
1920 873 1965 939 i.
1995 896 2054 941 e.
2084 873 2258 940 inter
2292 873 2659 956 vocabula,
2712 893 2887 960 qnae
2920 895 3003 941 ex

758 975 1092 1062 „nomine
1132 969 1341 1058 ξύλον
1371 998 1501 1067 per
1534 976 2091 1067 compositionem
2116 985 2270 1043 sunt
2316 976 2565 1044 facta.“
2667 975 2882 1044 Nobis
2908 977 3002 1044 ita

758 1078 1061 1162 videtur,
1128 1079 1365 1147 melius
1414 1079 1731 1149 Editores
1771 1081 2157 1148 lectoribus.
2178 1080 2595 1148 consulturos
2642 1078 2880 1162 fuisse,
2947 1080 3001 1147 si

756 1183 1204 1268 nominassent
1256 1191 1517 1250 tantum
1575 1182 1694 1254 hic
1739 1182 2262 1252 Valckenarium
2277 1230 2299 1268 ‚
2365 1190 2468 1266 et,
2538 1181 2798 1264 omissis
2844 1183 3000 1273 ipsis

758 1286 898 1354 eius
949 1281 1204 1371 serbis,
1258 1296 1751 1355 enumerassent
1788 1286 2159 1372 vocabula,
2212 1287 2284 1354 in
2329 1285 2579 1374 quibus
2617 1284 2915 1353 creditur
2948 1299 2997 1357 οῖ

755 1389 936 1459 hanc
967 1379 1525 1481 significationem
1556 1390 1849 1472 habere,
1899 1411 2073 1479 quo,
2124 1390 2243 1478 qni
2271 1387 2347 1456 id
2380 1397 2698 1480 agerent,
2732 1388 3000 1479 singula

757 1494 888 1562 suis
942 1495 1111 1563 locis
1170 1494 1391 1585 posita
1435 1502 1852 1582 quaererent.
1967 1493 2127 1561 Non
2175 1492 2392 1560 minus
2456 1491 2752 1559 dubitari
2805 1513 2999 1582 posse

664 1612 745 1675 17
763 1597 1066 1666 videmus
1081 1644 1103 1682 ,
1199 1620 1286 1665 an
1361 1595 1846 1687 disputationes
1919 1596 2256 1685 quaedam
2328 1594 2420 1663 de
2490 1594 3001 1684 interpretandis

756 1698 1329 1788 emendandisqne
1368 1701 1703 1767 nonnullis
1740 1709 2045 1767 veterum
2081 1700 2505 1789 scriptorum*
2527 1698 2696 1767 locis
2741 1699 2998 1767 alienae

752 1803 969 1871 videri
1016 1827 1058 1869 a
1104 1802 1306 1872 lexici
1350 1793 1584 1871 officio
1631 1802 1944 1871 debeant.
2060 1802 2178 1872 Sic
2221 1824 2395 1891 quae
2441 1800 2532 1870 de
2579 1823 2777 1870 versu
2822 1824 2996 1891 quo-

754 1906 917 1973 dam
951 1904 1223 1996 Epinici
1265 1905 1454 1996 apud
1495 1906 1924 1975 Athenaeum
1967 1905 2059 1974 ad
2097 1894 2526 1974 Thesaurum
2576 1926 2650 1994 p.
2694 1904 2819 1972 48.
2857 1929 2994 1994 seq.

754 2018 826 2077 et
866 2031 937 2099 p.
979 2007 1152 2076 loo.
1207 2032 1347 2098 seq.
1400 2008 1851 2099 disputantur,
1935 2018 2121 2077 tanto
2162 2010 2381 2100 magis
2421 2008 2734 2076 videntur
2782 2009 2998 2077 omitti

659 2167 662 2174 ,
751 2111 1050 2209 potuisse
1064 2160 1084 2196 ,
1137 2112 1327 2201 qnod
1355 2136 1437 2181 ea
1476 2115 1625 2203 ipsa
1656 2113 2022 2204 disputatio
2050 2112 2420 2182 doctissimi
2440 2110 2729 2179 Barkeri
2756 2113 2997 2180 inserta

663 2278 667 2284 .
753 2225 852 2284 est
883 2215 1122 2296 Wolfii
1156 2216 1500 2286 Analectis
1530 2217 1899 2285 litterariis:
1947 2216 2066 2284 ubi
2109 2238 2241 2285 nos·
2265 2238 2541 2307 quoque
2576 2224 2876 2284 nostram
2911 2215 2995 2283 de

754 2340 853 2412 eo·
874 2320 1037 2390 loco
1084 2321 1479 2389 sententiam
1526 2320 2082 2413 exprompsimus.

958 2524 1101 2597 Sed
1141 2528 1293 2598 satis
1337 2529 1597 2602 dictum
1640 2531 1909 2601 videtur
1949 2529 2039 2600 de
2054 2529 2328 2612 ‚ratione
2344 2576 2367 2615 ,
2426 2551 2563 2618 qua
2602 2526 2784 2597 haec
2823 2548 2995 2596 nova
3098 2555 3103 2560 ·

747 2631 1091 2701 Thesauri
1154 2632 1596 2724 Stephaniani
1655 2635 1865 2703 editio
1926 2634 2176 2701 institui
2249 2643 2497 2722 coepta
2561 2642 2681 2699 est.
2795 2633 2994 2700 Nunc

746 2757 957 2802 unum
1003 2736 1374 2804 alterumve
1423 2739 1655 2807 locum
1698 2738 1936 2828 paullo
1989 2737 2357 2807 accuratius
2402 2735 2993 2805 considerabimus.
3111 2827 3115 2831 ·

746 2838 827 2905 P.
873 2833 1045 2905 259.
1097 2841 1420 2925 quum.in
1463 2865 1527 2908 v.
1576 2839 1868 2933 ἄγαλμα
1936 2841 2155 2909 obiter
2203 2848 2734 2929 commemorata
2778 2846 2993 2907 essent

747 2941 957 3009 verba
992 2941 1334 3033 Euripidis
1369 2943 1438 3011 in
1465 2943 1745 3011 Heracl.
1776 2941 1949 3011 698.
1992 2937 2227 3015 πολλοὶ
2276 2936 2418 3037 γοῖρ
2470 2942 2702 3014 τίκτει
2731 2944 2996 3037 Μοῖρα
3106 3033 3121 3052 Ι

749 3036 1339 3140 τελεσσιδώτειρ’,
1390 3039 1600 3120 Αἰοὶν
1651 3074 1734 3119 τε
1788 3040 2088 3141 Κρόνου
2140 3052 2354 3125 παῖς,
2419 3045 2490 3112 in
2531 3045 2833 3144 subiecta
2866 3043 2993 3111 ad-

747 3146 1091 3213 notatione
1137 3150 1363 3237 primo
1394 3150 1699 3218 Elmsleii
1746 3148 1837 3217 ad
1883 3172 2038 3216 eum
2080 3148 2311 3216 locum
2346 3149 2554 3218 verba
2602 3146 2990 3229 afferuntur,

750 3247 863 3318 cui
895 3250 1178 3316 verbum
1213 3245 1807 3346 τελεσσιὸὥτειρα
1843 3273 1974 3342 per
2019 3254 2072 3323 ὦ
2112 3252 2434 3342 scriptum
2480 3251 2836 3341 analogiae
2880 3272 2991 3317 re-

744 3374 1057 3444 pugnare
1085 3350 1461 3421 videbatur.
1565 3353 1849 3421 Addunt
1888 3354 2209 3422 Editores
2233 3404 2253 3439 ,
2306 3365 2662 3441 utramque
2696 3354 2989 3421 formam

743 3456 898 3524 satis
948 3456 1239 3547 probam
1286 3478 1463 3539 esse,
1540 3456 1794 3546 pariter
1850 3466 1922 3524 nt
1974 3480 2015 3523 a
2068 3451 2305 3550 βόσκω
2369 3458 2659 3525 formata
2721 3456 2992 3524 nomina

742 3582 921 3630 nunc
968 3563 1010 3632 ὁ
1031 3613 1060 3648 ,
1112 3581 1292 3629 nunc
1345 3565 1401 3631 οἳ
1454 3557 1786 3645 habeant,
1837 3560 1960 3629 sed
1997 3571 2379 3651 correptam
2418 3562 2728 3631 vocalem
2756 3559 2992 3630 Atticis

742 3663 966 3753 poetis
999 3663 1246 3756 magis,
1297 3686 1541 3755 prosae
1579 3663 1896 3731 orationis
1929 3664 2369 3753 scriptoribus
2408 3664 2604 3733 unice
2640 3664 2991 3756 placuisse.

744 3765 1082 3857 Exempla
1127 3769 1489 3838 maximam
1540 3777 1805 3857 partem
1854 3789 1936 3835 ex
1979 3764 2304 3857 Orphicis
2349 3766 2791 3859 depromunt,
2862 3768 2995 3834 ob-

743 3866 1004 3955 iterque
1077 3863 1434 3968 ἤγεμόνην
1512 3869 1701 3961 apud
1768 3869 2273 3940 Callimachum
2328 3869 2400 3936 h.
2448 3870 2645 3942 Dian.
2704 3863 2879 3937 225.
2949 3890 2990 3935 a

742 3968 1168 4038 Blomfieldii
1212 3974 1598 4043 coniectura
1636 3972 2030 4042 defendunt.
2143 3972 2535 4041 Laudamus
2600 3972 2783 4045 hanc
2833 3972 2993 4039 dili-

743 4071 1079 4164 gentiam,
1129 4073 1249 4141 sed
1280 4097 1414 4143 non
1440 4077 1924 4145 dissimulamus
1966 4085 2226 4162 tamen,
2278 4099 2416 4145 nou
2447 4076 2633 4144 omni
2675 4098 2762 4150 ex
2796 4083 2990 4167 parte

740 4197 903 4243 vera
930 4173 1110 4241 haec
1143 4185 1260 4246 aut
1285 4179 1435 4245 satis
1466 4190 1778 4250 accurate
1811 4181 2149 4296 disputata
2188 4181 2384 4249 nobis
2421 4179 2657 4247 videri.
2757 4178 2986 4247 Primo

742 4278 925 4347 enim
971 4297 1110 4344 non
1157 4289 1346 4347 erant
1389 4281 1652 4351 formae
1699 4277 1943 4375 δότης,
2013 4276 2236 4379 δότηρ
2251 4337 2280 4371 ,
2342 4276 2630 4377 δώτωρ,
2700 4279 2986 4371 perinde

739 4380 1120 4476 habendae.
1221 4383 1399 4449 Nam
1430 4378 1679 4480 ὃώτωρ
1720 4408 1847 4455 nec
1876 4385 2198 4476 simplex,
2249 4407 2470 4474 neque
2519 4385 2591 4451 in
2641 4382 2989 4474 composi·-

737 4485 823 4555 tis
860 4506 1148 4574 usquam
1193 4481 1408 4556 habet
1462 4497 1850 4579 correptam
1901 4488 2233 4560 vocalem.
2336 4486 2600 4557 Butleri
2642 4486 2987 4557 inventum
