3325 5317
466 477 620 541 PRo
679 473 1201 550 ANTIQVITATE
1262 474 1553 535 οιιΡΗΕι
1607 474 2074 574 ΑιιοοΝΑνΤ..
2102 475 2438 535 ALLATIS.
2527 480 2606 540 ιι

582 646 843 743 Φρίξος
872 648 1287 744 ἐϋμμελίης,
1343 644 1645 744 (3'1'15‘15'27
1688 642 1920 739 δόμον
1965 640 2280 741 Αἰήταο,

579 756 828 838 ἕδνον,
882 747 1292 824 Ἐνυαλίοιο
1340 750 1816 845 δρακοντείων
1864 745 1994 822 ἀπ’
2036 744 2379 823 ὀδόντων.

367 906 622 975 Dotem
662 925 792 994 pro
830 904 974 970 filia
1009 902 1239 971 datam
1277 927 1416 972 esse
1467 905 1726 973 Aeetae
1744 951 1766 988 ,
1818 903 2111 1014 studiose
2139 926 2393 997 negare
2449 905 2612 977 dicit
2678 885 2685 893 ⁵

370 1008 816 1100 Apollonium
857 1004 1204 1075 11.1149.

1612 1125 1735 1198 καί
1776 1089 1911 1218 ,ιιιν
1955 1128 2200 1201 ἔδεκτο

574 1221 866 1351 Αἰήτης
897 1222 1232 1324 μεγάρῳ,
1271 1219 1543 1326 κούρην
1606 1230 1696 1302 τέ
1731 1234 1802 1302 οἱ
1849 1223 2251 1322 ἐγγυάλιξεν

573 1323 1042 1476 Χαλκιόπην,
1097 1327 1477 1424 ἀνάεδνον,
1532 1324 2020 1429 ἐϋφροσύνῃσι
2046 1325 2274 1406 νόοιο.

371 1486 513 1554 Hic
553 1486 848 1576 primum
890 1467 1183 1573 quaero,
1234 1488 1291 1555 si
1331 1488 1500 1555 alter
1546 1487 1638 1553 ait
1681 1485 1915 1554 datam
1959 1507 2102 1556 esse
2132 1486 2387 1571 dotem,
2441 1488 2610 1556 alter

373 1597 614 1680 negat,
667 1609 751 1655 an
793 1598 1157 1680 propterea
1197 1591 1369 1660 alter
1409 1591 1697 1658 alterum
1726 1588 2230 1681 reprehendere
2264 1590 2606 1659 debuerit:

372 1713 627 1781 quaero
667 1692 870 1760 etiam
889 1740 910 1776 ‚
977 1703 1128 1761 uter
1171 1704 1396 1762 utrum
1424 1692 1968 1784 reprehenderit:
2017 1716 2174 1761 nam
2217 1694 2437 1761 verbis
2483 1716 2609 1759 eo·-

371 1818 522 1863 rum
547 1794 714 1862 nihil
744 1794 925 1863 aliud
961 1797 1145 1866 effici
1178 1797 1374 1865 video
1391 1845 1412 1882 ,
1514 1819 1719 1886 quam
1748 1806 1864 1864 aut
1901 1795 2171 1865 diversis
2210 1818 2326 1865 eos
2367 1805 2607 1885 aucto-

371 1898 553 1966 ribus
601 1897 811 1966 fidem
840 1898 1186 1985 habuisse,
1228 1911 1355 1969 ‘aut
1378 1909 1737 1989 utrumque
1766 1922 1912 1968 rem
1929 1950 1950 1988 ,
2002 1910 2077 1968 ut
2108 1901 2235 1967 sibi
2261 1900 2603 1990 placebat,

369 2024 685 2072 narrasse.
836 2002 981 2070 Sed
1041 2004 1334 2082 debebat
1400 2003 1987 2095 Koenigsmannus
2055 2004 2261 2078 alium
2348 2002 2605 2070 addere

369 2104 721 2196 Apollonii
759 2103 1021 2174 Rhodii
1070 2107 1335 2192 locum,
1400 2106 1522 2173 111.
1576 2104 1915 2173 naabi
1968 2106 2023 2173 is
2061 2110 2318 2176 Aeeten
2366 2104 2603 2172 dentes

369 2207 698 2276 Draconis
740 2230 877 2275 non
929 2233 969 2276 a
1017 2210 1309 2295 Phrixo,
1369 2218 1445 2278 ut
1488 2207 1779 2301 Orpheo
1825 2209 2121 2374 placuit,
2188 2207 2310 2278 sed
2372 2231 2413 2276 a
2455 2207 2602 2277 Mi·-

371 2333 576 2379 nerva
622 2312 962 2403 accepisse
1002 2314 1260 2382 scribit.

1480 2443 1674 2569 πόρε
1711 2448 1795 2522 δέ
1837 2474 2013 2542 σφιν
2058 2449 2297 2523 ἰοῦσιν

571 2549 826 2648 κρείων
858 2544 1159 2675 Αἰήτης
1181 2545 1532 2643 χαλεπους
1566 2556 1634 2631 ἐς
1669 2549 1942 2624 ἄεθλον
1989 2546 2295 2632 ὀδόντας

572 2651 904 2730 Ἀονίοιο
943 2647 1371 2748 δράκοντος,
1427 2649 1918 2749 ὂν’,1ὶγυγι’ῃ
1883 2653 1984 2727 ἐνὶ
2012 2647 2219 2780 Θήβῃ

571 2752 924 2848 Κάδμος,
979 2754 1088 2829 ὅτ’
1141 2751 1502 2880 Εὐρώπην
1543 2750 1914 2851 διζήμενος
1959 2759 2447 2851 εἰςαφίκανεν,

573 2861 885 2952 πέφνεν,
936 2854 1321 2983 ’Λρητιαδι
1357 2854 1575 2955 κρήνῃ
1593 2858 1959 2981 ἐπίουρον
1993 2854 2232 2932 ἐόντα

577 2963 762 3052 ἔνθα
792 2960 911 3032 καὶ
953 2958 1309 3057 εὐνάσθη,
1365 2961 1623 3057 πομπῇ
1650 2955 1856 3052 βοός,
1912 2957 1999 3058 ἥν
2046 2967 2120 3033 οἱ
2144 2955 2497 3036 Απόλλων

578 3062 820 3136 ὤπασε
864 3060 1359 3160 μαντοσύνῃσι
1393 3058 1927 3186 προηγήτειραν
1964 3061 2188 3137 ὁδοῖο

573 3193 744 3246 τους
786 3166 862 3240 δὲ
909 3161 1054 3239 θεοῖ
1093 3166 1488 3288 Tpcvoevecn
1484 3163 1655 3239 ὑπὲκ
1686 3160 1958 3257 γενύων
1990 3165 2346 3253 ε’λοίσασα,

574 3263 819 3365 Αἰήτῃ
851 3263 1032 3365 πόρε
1069 3272 1297 3365 δωρον
1328 3267 1519 3362 ομῶς
1540 3319 1563 3359 ,
1618 3265 1822 3365 αὐτῷ
1865 3297 1948 3342 τε
2000 3271 2240 3365 φονῆϊ.

368 3423 571 3491 Nunc
590 3445 769 3492 ·vero
803 3424 1049 3492 rectius
1083 3446 1410 3513 quaerere
1451 3424 1686 3492 licebit
1699 3471 1719 3505 ,
1768 3433 1918 3492 uter
1962 3434 2189 3494 utrum
2228 3413 2603 3515 reprehen-

371 3526 567 3593 derit.
666 3528 823 3594 Non
872 3550 1030 3594 sane
1067 3527 1474 3617 Apollonius
1521 3525 1941 3617 Orpheum,'
1969 3528 2086 3617 qui
2129 3550 2338 3616 quum
2369 3526 2603 3594 dentes

372 3628 680 3697 draconis
718 3654 759 3697 a
786 3629 1039 3698 Phrixo
1064 3630 1328 3698 Thebis
1355 3641 1764 3721 asportatoS,
1814 3631 2206 3718 Aeetaeque
2235 3630 2411 3698 dotis
2441 3625 2603 3699 loco

376 3732 568 3799 datos
603 3756 746 3801 esse
788 3744 1116 3804 narrasset
1131 3782 1152 3818 ‚
1202 3733 1751 3817 nihilretulerat,
1806 3735 1995 3822 quod
2032 3755 2170 3801 non
2214 3743 2383 3801 esset
2423 3736 2606 3801 veri-

375 3835 607 3903 simile.
710 3837 822 3904 Ab
871 3837 1250 3927 Apollonio
1309 3848 1538 3926 autem
1578 3834 1901 3928 Orpheus
1942 3847 2020 3907 ut
2071 3836 2478 3921 discederet,
2535 3838 2606 3903 in

366 3938 517 4028 ipsa
543 3939 899 4029 Apollonii
926 3941 1302 4009 narratione
1345 3963 1644 4010 caussam
1671 3941 2049 4014 inveniebat
2079 3941 2233 4008 satis
2266 3929 2602 4008 idoneam.

367 4041 611 4130 Neque
654 4045 832 4110 enim
877 4044 1019 4116 hoc
1061 4045 1492 4135 probabilem
1545 4044 1686 4112 veri
1740 4045 2040 4133 speciem
2100 4043 2345 4127 habet,
2414 4042 2606 4132 quod

362 4146 810 4235 Apollonius,
879 4159 954 4215 ut
1003 4147 1420 4231 ostenderet,
1472 4146 1827 4235 quomodo
1869 4149 2116 4216 Aeetes
2162 4147 2470 4215 dentibus
2515 4147 2605 4212 il-

361 4247 495 4317 lius
533 4248 844 4317 draconis
897 4252 1148 4341 potitus
1190 4261 1400 4334 esset,
1464 4263 1731 4341 partem
1787 4273 2023 4319 eorum
2073 4275 2113 4317 a
2168 4248 2480 4318 Minerva
2535 4249 2599 4317 ei
2615 4256 2696 4317 13

365 4350 602 4418 datam
657 4354 921 4438 scribit,
982 4379 1158 4445 quae
1209 4376 1331 4423 cur
1379 4376 1517 4421 non
1557 4375 1790 4422 omnes
1833 4353 2133 4437 Cadmo,
2194 4355 2310 4442 qui
2348 4353 2602 4421 draco-

357 4477 537 4536 nem,
582 4455 969 4545 occiderat,
1035 4456 1301 4526 dedisse
1355 4457 1650 4544 dicatur,
1721 4459 1905 4527 nulla
1944 4458 2116 4526 ratio
2153 4465 2441 4549 apparet
2455 4503 2475 4542 ,
2525 4466 2603 4525 ut
