3325 5317
667 432 757 495 84
842 429 953 490 DE
994 427 1457 491 VERSIBVS
1512 427 1887 490 stRns
1941 426 2192 490 APVD
2236 425 2825 489 AESCHYLVM

670 624 882 693 quum
918 606 1187 671 versum
1218 600 1413 673 illum
1467 603 1559 671 in'
1586 603 1896 695 margine
1949 600 2368 693 adscriptum
2429 601 2691 670 videret
2704 648 2726 686 ‚
2776 617 2916 691 pro

646 705 999 776 „sententia
1046 727 1204 773 eum
1242 706 1470 775 nescio
1520 707 1709 776 cilius
1758 704 2076 773 habuisse
2089 723 2116 790 ,·
2161 713 2231 773 et
2268 704 2558 796 proinde
2572 752 2593 789 ‚
2660 702 2914 772 additis

672 808 894 877 verbis
938 809 1223 899 λέγουσι
1288 809 1366 882 δὲ
1412 808 1534 882 καὶ
1582 807 1703 883 ὅτι
1725 863 1754 897 ,
1840 809 2324 878 commentario
2369 830 2493 878 sno
2541 806 2910 876 inseruisse.

671 911 853 981 Nam
893 920 970 979 nt
1006 918 1269 979 taceam
1287 959 1308 996 ‚
1370 935 1637 981 versum
1678 913 1872 981 illum
1925 913 2222 980 omnino
2252 901 2715 1003 dignissimum
2759 930 2915 978 esse

644 1013 1019 1103 .Aeschylo
1037 1061 1059 1098 ‚
1108 1013 1274 1102 quid
1303 1015 1415 1082 vel
1442 1017 1713 1109 gravius
1751 1015 1893 1087 hoc
1922 1015 2085 1085 loco
2104 1064 2124 1099 ‚
2175 1017 2288 1083 vel
2333 1012 2914 1086 accommodatius

654 1115 770 1184 ‚ad
808 1139 1054 1187 nexum
1098 1117 1411 1186 orationis
1449 1120 1648 1188 scribi
1678 1121 1935 1211 potuit,
1986 1142 2193 1228 quam
2230 1117 2403 1188 hoc:

887 1272 1058 1343 ΠΡ.
1084 1262 1179 1343 τό
1220 1297 1323 1366 μη
1355 1277 1634 1364 μαθεῖν
1678 1298 1797 1345 σοι
1844 1277 2173 1366 κρεῖσσον
2208 1269 2261 1368 ἦ
2297 1275 2574 1365 μαθεῖν
2607 1261 2806 1342 ταδε.

1086 1371 1138 1444 οἳ
1178 1376 1290 1445 δεῖ
1317 1376 1703 1466 γενέσθαι,
1756 1375 1999 1448 ταῦτα
2032 1403 2149 1446 και
2185 1369 2585 1470 γενήσεται.

877 1472 1034 1547 112.
1082 1468 1194 1572 μή
1224 1502 1347 1550 τοι
1383 1503 1481 1570 με
1517 1471 1795 1574 κρύψῃς
1839 1473 2082 1566 τοῦθ’,
2138 1476 2316 1574 ὅπερ
2343 1477 2578 1570 μέλλω
2612 1478 2911 1548 παθεῖν

674 1628 824 1698 Iam
866 1628 1045 1697 enim
1091 1636 1158 1697 et
1213 1638 1398 1698 recte
1441 1629 1807 1700 concludet
1856 1630 1936 1698 Io
1953 1679 1974 1715 ‚
2028 1640 2097 1698 et
2144 1630 2412 1698 dnobus
2453 1627 2652 1697 huius
2702 1621 2920 1696 versi-

588 1779 591 1782 -
675 1732 803 1800 bns
840 1730 1128 1800 totidem
1162 1732 1460 1802 versibus
1502 1733 1953 1803 Prometheus
1984 1732 2469 1826 respondebit.-

880 1884 962 1953 In
1006 1885 1522 1978 Agamemnone
1566 1882 1745 1957 ha'ec
1783 1888 2103 1980 leguntur
2147 1910 2211 1958 v.
2250 1884 2424 1956 599.

580 2051 665 2114 11
871 2043 880 2057 ’
984 2035 1111 2111 καί
1142 2037 1252 2119 τίς
1283 2033 1377 2131 μ’
1414 2035 1722 2113 ἐνίπτων
1756 2036 1948 2114 εἷπε·
2016 2066 2457 2139 φρυκτωρων
2504 2025 2628 2111 dcii

680 2157 683 2162 '
982 2146 1408 2227 πεισθεῖσα,
1467 2141 1743 2263 Τροίαν
1777 2143 1921 2220 νῦν
1965 2144 2495 2242 πεπορθῆσθαι
2544 2145 2810 2233 δοκεῖςς

979 2238 1032 2339 ἦ
1050 2236 1303 2365 κάρτα
1349 2269 1530 2368 προς
1571 2238 1942 2337 γυναικός,
1971 2249 2343 2367 αἴρεσθαι
2385 2245 2579 2368 κέαρ.

979 2340 1222 2438 λόγοις
1265 2340 1634 2429 τοιούτοις
1666 2341 2023 2443 πλαγκτος
2072 2345 2225 2423 οὔὸ
2266 2342 2704 2499 ἐφαινόμην·

980 2445 1175 2542 ὅμως
1218 2445 1296 2522 δ’
1337 2450 1589 2524 ἔθυον.

668 2599 864 2670 Nihil
920 2609 1019 2669 est
1058 2602 1129 2668 in
1173 2600 1314 2686 his,
1379 2602 1569 2692 quod
1632 2603 2071 2678 desideretur.
2192 2605 2353 2674 Non
2399 2603 2626 2694 inepte
2686 2607 2917 2669 tamen

669 2703 1063 2796 suspiceriS,
1113 2713 1395 2794 poetam
1444 2705 1815 2797 scripsisse:

974 2847 1215 2947 λόγοις
1263 2850 1633 2939 τοιούτοις
1672 2852 2030 2951 πλαγκτός
2073 2847 2243 2947 οὖσ’
2274 2849 2703 2957 ἐφαινόμην,

974 2961 1364 3031 πεισθεῖσα
1407 2959 1514 3054 τῷ
1555 2961 1861 3058 φέροντι
1908 2964 2243 3044 θέςκελον
2291 2957 2535 3057 φάτιν.

670 3110 889 3180 Addit
935 3110 1113 3178 eni-m
1149 3103 1337 3180 hunc
1385 3136 1647 3182 versum
1696 3116 1984 3207 scriptor
2039 3114 2287 3184 Christi
2327 3114 2635 3205 patientis
2659 3135 2736 3195 gv.
2787 3105 2910 3178 75.

669 3213 823 3304 qui,
870 3212 1078 3302 *qnod
1141 3215 1292 3283 satis
1346 3218 1593 3284 mirum
1635 3227 1779 3298 est,
1866 3220 2082 3290 solam
2140 3241 2224 3286 ex
2278 3217 2605 3307 Aeschyli
2664 3214 2913 3283 fabulis

670 3320 1260 3410 Agamemnonem
1308 3318 1574 3388 videtur
1618 3322 1965 3427 cognitam
1985 3320 2338 3390 habuisse.

877 3471 1156 3541 Possem
1198 3469 1309 3539 his
1366 3472 1623 3543 addere
1683 3475 1830 3542 alia.
1950 3476 2187 3546 Veluti
2231 3478 2303 3545 in
2346 3473 2564 3543 Persis
2612 3471 2914 3555 divinari,

655 3575 794 3644 nisi
836 3574 1078 3661 fallor,
1129 3576 1320 3646 locus
1367 3586 1627 3668 potest,
1664 3579 1797 3648 -nbi
1828 3579 2053 3649 versus
2096 3580 2216 3648 ille
2257 3576 2609 3663 exciderit,
2662 3597 2745 3643 ex
2775 3594 2913 3663 quo

671 3678 1061 3747 scholiastes
1112 3678 1566 3772 Hermogenis
1580 3730 1601 3766 ‚
1688 3682 1923 3753 citatus
1967 3708 2011 3751 a
2061 3683 2292 3752 Bastio
2346 3680 2432 3748 ad
2487 3678 2700 3769 Greg.
2753 3676 2912 3746 Cor.

678 3804 750 3872 Ρ.
783 3779 954 3848 241.
984 3784 1393 3853 vocabulum
1433 3778 1781 3867 ὑπόξυλος
1823 3786 2041 3854 affert.
2144 3785 2569 3872 Pariterque‚
2621 3803 2792 3869 qnae
2832 3801 2917 3847 ex

681 3882 925 3954 cadem
984 3885 1219 3953 fabula
1277 3888 1365 3954 ab
1436 3887 1794 3957 Athenaeo
1852 3913 1924 3981 Ρ.
1973 3887 2096 3957 86.
2151 3890 2239 3958 Β.
2306 3891 2917 3960 commemorantur

682 3987 1184 4076 corruptissima
1228 3991 1469 4077 verba,
1524 3997 1632 4072 τίς
1676 3985 1928 4087 οἷνήρει
1968 4020 2099 4074 τας
2134 3985 2392 4085 νήσους
2418 3978 2913 4105 α’ναριτοτρό-
2987 4062 2998 4070 ,

684 4113 901 4185 φους,
956 4111 1244 4179 quorum
1273 4100 1501 4161 tamen
1524 4094 1838 4162 ultimum
1866 4106 2049 4163 recte
2094 4095 2164 4162 in
2196 4095 2437 4165 codice
2466 4090 2787 4182 scriptum
2818 4096 2918 4156 est

683 4185 1297 4288 νηριτοτρόφους,
1357 4220 1577 4286 neque
1623 4199 1716 4265 ad
1762 4197 2265 4287 Phrynichum‚
2336 4217 2555 4285 neque
2601 4193 2688 4261 ad
2738 4192 2916 4282 Epi-

686 4294 1070 4378 chamum,
1141 4319 1368 4385 neque
1422 4300 1510 4367 ad
1557 4301 1840 4369 alteram
1893 4301 2219 4393 Aeschyli
2249 4303 2625 4383 ‚Persarum
2673 4295 2918 4364 editio-

684 4420 842 4468 nem
869 4398 1205 4490 pertinere
1224 4448 1245 4486 ‚
1299 4401 1424 4470 sed
1451 4426 1534 4471 ex
1561 4427 1644 4472 ea
1676 4406 1857 4497 ipsa,
1908 4428 2116 4496 qnam
2148 4427 2326 4477 nunc
2347 4403 2715 4484 [habemuffi
2766 4397 2919 4466 edi-
2997 4426 3002 4432 ·
