3325 5317
347 1514 1019 1656 CENszA
1157 1494 1708 1638 NOVAE'
1798 1511 2586 1652 EDITIQNIS

505 1683 1227 1773 THESAVRI-
1341 1682 2270 1771 STEPHANIANI
2319 1683 2430 1804 ἢ.

350 2226 585 2359 Quae
639 2286 893 2356 magno
947 2286 1103 2335 cum
1148 2263 1382 2333 favore
1427 2264 1790 2332 doctorum
1830 2262 2200 2352 ,hominum
2245 2263 2314 2332 in
2354 2265 2581 2335 lucem
2598 2274 2637 2334 1

287 2431 292 2438 .
348 2366 561 2435 emitti
599 2377 850 2460 coepta
888 2377 986 2436 est
1043 2368 1251 2436 editio
1281 2366 1620 2459 Thesauri
1664 2365 1975 2437 Graecae
2016 2369 2327 2460 Linguae
2375 2370 2464 2437 ab
2497 2369 2591 2436 H.

350 2469 706 2562 Stephano
755 2471 1041 2561 conditi,
1110 2470 1249 2538 eius
1282 2493 1511 2562 nuper-
1542 2472 1599 2539 is
1643 2469 1733 2537 ad
1761 2492 1883 2537 nos
1912 2471 2211 2561 perlatus
2249 2480 2346 2539 est
2384 2472 2594 2540 fasci-

352 2573 578 2659 culuS,
647 2575 766 2663 qui
823 2571 1102 2642 numero
1160 2576 1424 2659 tertius,
1495 2597 1570 2642 re
1629 2572 1884 2663 primus
1901 2621 1923 2659 ,
2001 2583 2070 2642 et
2132 2584 2392 2642 tantum
2456 2597 2593 2642 non

351 2679 580 2768 ipsum
645 2677 1181 2769 praestantissimi
1239 2677 1464 2767 operis
1514 2676 1770 2753 initium
1834 2685 1951 2744 est.
2068 2676 2177 2746 De
2224 2699 2360 2766 quo
2413 2678 2591 2745 libro

350 2803 564 2869 quum
601 2804 644 2847 a
683 2782 877 2849 nobis
907 2788 1300 2874 posceretur
1339 2791 1415 2850 ut
1458 2781 1845 2849 sententiam
1887 2788 2184 2848 nostram
2232 2802 2595 2872 exprome-

347 2906 610 2967 remuS,
664 2883 785 2952 etsi
824 2885 1202 2954 sciebamus
1239 2901 1377 2953 non
1421 2905 1681 2975 paucos
1719 2883 1833 2951 vel
1873 2883 2059 2974 apud
2106 2893 2431 2970 notrateS,
2481 2886 2595 2954 vel

348 2986 541 3081 apud
589 2996 849 3056 exteros
901 3010 1043 3058 esse
1057 3040 1077 3075 ,
1161 2990 1281 3077 qui
1326 3000 1393 3056 et
1440 2988 1706 3077 plenius
1756 2995 1968 3056 essent
2009 2996 2077 3055 et
2122 2989 2366 3057 rectius
2410 2987 2593 3058 hanc

346 3089 767 3184 prov-inciam
813 3090 1361 3176 administraturi,
1412 3100 1640 3159 tamen
1689 3113 1823 3159 non
1859 3091 2418 3160 committendum
2457 3115 2595 3182 pu·-

350 3196 670 3279 tavimus,
724 3202 800 3264 ut
832 3194 1271 3263 detrectando
1300 3193 1443 3264 hoe
1470 3193 1753 3287 negotio
1796 3218 2037 3285 parum
2079 3194 2367 3281 officiosi
2396 3196 2595 3264 vide-

350 3319 598 3365 remur.
700 3297 1129 3383 Accedebat,
1182 3298 1370 3387 quod
1419 3300 1755 3368 neminem
1793 3309 1933 3366 tam
1974 3297 2279 3388 iniquum
2307 3299 2458 3367 fore
2488 3301 2595 3366 in-

350 3399 827 3492 telligebamus
845 3451 865 3487 ,
917 3403 1036 3490 qui
1070 3401 1141 3468 in
1181 3402 1304 3469 tali
1330 3402 1504 3469 libro
1538 3401 1905 3471 iudicando
1921 3450 1943 3488 ,
1995 3403 2213 3491 qualis
2252 3401 2369 3471 hic
2395 3402 2594 3470 Thess

352 3525 584 3572 saurus
616 3512 718 3572 est
736 3552 758 3590 ,
810 3513 925 3573 aut
953 3503 1286 3573 exhauriri
1313 3506 1571 3592 omnia,
1631 3515 1747 3573 aut
1774 3507 1974 3573 etiam
1999 3507 2326 3595 pleraque
2356 3505 2598 3596 attingi

351 3606 596 3691 vellet,
660 3629 790 3677 nec
838 3609 993 3676 satis
1036 3606 1359 3693 haberet,
1428 3610 1501 3676 in
1554 3608 1934 3676 universum
1990 3608 2158 3696 quid
2200 3603 2595 3696 praestitum

353 3711 474 3794 sit,
526 3720 709 3779 recte
751 3720 819 3780 et
862 3710 1282 3781 considerate
1318 3710 1470 3780 dici.
1574 3712 1701 3779 Est
1742 3719 1966 3779 autem
2005 3733 2092 3777 ne
2132 3709 2274 3779 hoc
2315 3710 2591 3799 quidem

353 3812 715 3903 perfacile,
784 3815 1103 3905 quoniam
1145 3837 1367 3904 neque
1412 3813 1500 3882 de
1545 3814 1863 3899 consilio,
1943 3834 2082 3902 quo
2120 3821 2377 3881 tantum
2421 3836 2595 3905 opus

353 3925 737 4007 susceptum
772 3927 905 4004 est,
956 3918 1143 3987 idem
1184 3940 1416 3986 omnes
1453 3919 1696 3985 sentire
1724 3915 2082 3985 verisimile
2112 3925 2247 4003 est,
2301 3927 2369 3987 et
2402 3920 2595 4004 ratio,

354 4041 491 4108 qua
537 4020 744 4090 condi
804 4021 1090 4107 debeat,
1157 4043 1295 4090 non
1343 4021 1553 4088 modo
1612 4020 1999 4089 hominibus
2044 4020 2186 4088 aliis
2234 4021 2400 4107 alia,
2473 4022 2597 4090 sed
2636 4077 2641 4082 .

295 4184 300 4190 .
356 4123 557 4191 etiam
602 4125 914 4217 gentibus
940 4125 1221 4219 'probari
1244 4123 1528 4194 videtur.
1632 4123 1897 4210 Quibus
1942 4125 2249 4194 omnibus
2276 4126 2596 4195 sententia

353 4394 731 4544 Xssundita
791 4407 884 4459 est
946 4418 998 4458 a.
1063 4401 1254 4467 1818.
1338 4395 1595 4458 Londini
1655 4397 1720 4457 in
1766 4396 1955 4458 marii
2016 4397 2252 4460 classici
2306 4370 2593 4457 fasciculo
