3325 5317
969 512 977 525 ·
1119 440 1789 565 '‘nrns1sh
1954 488 1988 507 ²
2176 487 2181 492 ·
2461 477 2731 567 ιωΔ

353 653 516 722 dem
569 650 930 739 vocabuli,
1023 651 1227 723 aliam
1300 654 1421 724 illa
1492 655 1637 724 aliis
1708 655 1781 724 in
1854 653 2024 727 locis
2078 655 2218 725 vim
2271 654 2586 747 habente,

347 757 647 827 maxime
695 766 921 828 autem
976 759 1213 826 crebra
1258 779 1691 829 numerorum
1766 782 1899 850 per
1922 805 1933 821 ψ
1953 759 2439 833 interiectiones
2466 763 2590 830 ins-

347 859 828 952 terpellatione
872 859 1181 931 efficitur.
1281 863 1399 931 Ad
1438 885 1620 952 qnae
1659 862 1780 952 qui
1806 862 2172 954 diligenter
2202 857 2585 950 attenderit,

351 963 563 1034 facile
608 963 884 1048 sentiet,
946 986 1150 1053 quam
1206 965 1534 1036 insuetum
1593 964 1924 1055 quiddam
1963 967 2325 1056 multoque
2369 968 2588 1060 magis

347 1088 559 1156 quam
618 1086 751 1159 pro
813 1066 1238 1137 Graecorum
1295 1069 1571 1163 ingenio
1619 1077 1929 1139 aestuans
1968 1076 2039 1139 et
2079 1069 2266 1159 quasi
2294 1071 2589 1140 fluctuo-u·

348 1192 497 1253 sum
540 1169 635 1238 ad
674 1191 868 1239 aures
921 1170 1210 1240 accidat.
1322 1174 1474 1245 Nec
1525 1172 1972 1243 dubitandum
2026 1172 2325 1259 videtur,
2403 1172 2588 1264 quin,

345 1273 402 1341 si
445 1273 540 1341 de
568 1273 852 1359 modis,
918 1275 1037 1363 qui
1090 1274 1313 1344 cantui
1370 1275 1538 1346 facti
1576 1284 1798 1364 erant,
1861 1275 2146 1346 iudicari
2189 1286 2454 1367 posset,
2517 1277 2613 1346 inc

348 1373 458 1444 his
495 1398 777 1467 qnoque
798 1377 1271 1463 invenirentur,
1322 1401 1502 1468 quae
1538 1377 1802 1448 eodem-
1830 1385 2044 1448 essent
2088 1379 2228 1448 fine
2265 1378 2582 1448 institutax

347 1480 548 1549 Nunc
603 1502 769 1550 vero
829 1488 1087 1550 tantum
1131 1482 1206 1551 in
1258 1482 1548 1551 numeris
1605 1483 1965 1564 consistere
2025 1482 2373 1576 cogimur,
2448 1482 2590 1572 qui,

348 1581 564 1651 modo
624 1591 695 1652 et
742 1592 1065 1677 corrupta
1101 1585 1560 1655 emendentur
1577 1634 1601 1672 ,
1683 1595 1754 1654 et
1808 1608 2033 1657 versus
2101 1593 2286 1657 recte
2349 1583 2588 1679 dispe<-

347 1695 626 1773 uantur,
676 1709 891 1776 quum
938 1687 1194 1777 ubique
1240 1688 1560 1810 aptissimi
1601 1697 1753 1757 sunt
1795 1698 1865 1758 et
1911 1688 2390 1774 efficacissimi,
2439 1698 2587 1761 tum

346 1791 574 1861 nescio
663 1813 752 1858 an
831 1791 904 1859 in
982 1791 1175 1860 nullo
1244 1792 1541 1862 carmine
1602 1792 1999 1862 diviniorem
2065 1793 2201 1860 vim
2266 1788 2588 1879 habeant,

350 1914 560 1982 quam
603 1893 674 1961 in
704 1888 871 1980 illo,
936 1917 1076 1984 quo
1112 1894 1307 1967 Darii
1346 1896 1588 1973 umbra
1624 1895 1715 1964 ab
1745 1895 1975 1965 inferis
2020 1903 2367 1969 evocatur.
2441 1894 2589 1965 Sed

346 1994 524 2067 haec
575 1997 906 2067 eiusmodi
968 2006 1157 2084 sunt,
1233 2006 1312 2067 ut
1365 1998 1489 2067 nisi
1538 1999 1688 2089 quis
1735 1999 1885 2092 ipse
1924 1999 2077 2068 satis
2139 1999 2332 2069 culto
2384 2000 2609 2068 sensu?
2663 2058 2671 2063 .

343 2100 637 2192 polleat,
691 2101 1017 2194 explicari
1031 2150 1053 2190 ,
1102 2102 1356 2194 scripto
1399 2102 1794 2195 praesertim
1811 2149 1834 2190 ,
1893 2120 2032 2171 non
2072 2102 2373 2195 possint.-

548 2403 697 2477 Sed
719 2403 1125 2478 veniendum
1155 2414 1253 2476 est
1289 2405 1381 2475 ad
1418 2406 1493 2476 id
1509 2456 1532 2498 ‚
1583 2405 1776 2498 quod
1820 2404 2004 2480 hanc
2027 2408 2235 2477 nobis·
2251 2404 2590 2478 scribendi
2648 2447 2652 2451 <

350 2510 925 2602 opportunitatem
963 2509 1150 2581 fecit.
1250 2509 1670 2580 Volebamus
1717 2509 1896 2579 enim
1953 2513 2024 2581 in
2070 2512 2257 2580 diem
2301 2531 2589 2582 consue-
2693 2560 2696 2567 .

348 2621 489 2681 tum
533 2614 947 2683 creationem
1000 2622 1204 2704 atque
1246 2614 1831 2708 inaugurationem
1884 2615 2187 2685 indicere
2226 2613 2590 2683 doctorum

348 2716 832 2809 philosophiae
846 2765 870 2803 ,
975 2716 1069 2785 ad
1146 2739 1432 2806 eamque
1508 2717 2025 2787 sollemnitatem
2109 2717 2590 2789 celebrandam

350 2842 558 2909 quum
597 2820 1147 2892 communitatem
1191 2821 1678 2903 Academicam
1696 2869 1716 2906 ‚
1766 2830 1913 2891 tum
1951 2821 2156 2892 huius
2193 2821 2378 2890 urbis
2417 2830 2588 2914 pro-⁸·

349 2946 536 2994 ceres
590 2925 1054 3017 gravissimos,
1154 2932 1223 2992 et
1270 2925 1506 3014 quiqui
1555 2946 1786 2994 rerum
1849 2935 2225 2994 nostrarum
2289 2925 2590 2994 fautores

351 3035 597 3114 essent,
647 3028 943 3097 invitare.
1045 3027 1305 3098 Verum
1349 3028 1616 3097 exitiale
1656 3028 1951 3115 bellum,
2004 3029 2195 3120 quod
2232 3029 2376 3097 hoo
2408 3049 2586 3099 auno
2660 3114 2661 3117 Ἴ

350 3132 632 3200 vastavit
667 3131 1029 3201 saxoniam
1044 3178 1068 3218 ,
1116 3153 1240 3200 nos
1273 3154 1553 3221 quoque
1593 3145 1807 3220 quum·
1845 3134 1988 3200 aliis
2037 3156 2181 3200 non
2215 3129 2586 3220 mediocri-

350 3235 474 3305 bus
524 3224 759 3304 affccit
812 3234 1107 3321 damnis,
1168 3245 1317 3304 tum
1360 3258 1484 3303 usu
1536 3236 1825 3327 privavit
1880 3235 2225 3322 auditorii,
2293 3235 2484 3324 quod
2539 3257 2583 3301 a
2597 3236 2683 3299 19

353 3339 577 3407 multis
626 3337 810 3407 annis
851 3337 1015 3408 huic
1072 3339 1500 3408 sollemnitati
1540 3337 1944 3408 destinatum
1960 3389 1982 3426 ,
2047 3349 2209 3433 post
2251 3339 2589 3431 praelium

353 3441 442 3509 ad
484 3444 726 3511 urbem
782 3451 1078 3511 nostram
1128 3443 1555 3512 commissum
1569 3491 1590 3526 ‚
1653 3443 2158 3512 vulneratorum
2210 3452 2415 3530 atque
2467 3462 2589 3507 ae·-

355 3545 766 3636 grotantium
834 3546 1342 3638 receptaculum
1399 3546 1662 3616 factum
1735 3557 1854 3619 ωε.
1977 3548 2336 3615 Praeterea
2353 3591 2376 3629 ,
2467 3540 2590 3609 etsi

355 3648 634 3737 Illustris
667 3647 864 3719 Ordo
918 3649 1554 3723 Iurisconsultorum
1596 3650 1933 3719 benevole
1988 3649 2088 3718 sul
2137 3647 2334 3716 nobis
2389 3644 2589 3714 audi·-

357 3753 508 3821 torii
550 3751 1106 3824 commoditatem
1147 3753 1486 3823 offerebat
1499 3802 1519 3839 ,
1569 3762 1798 3823 tamen
1828 3751 2323 3823 convenientius
2365 3747 2590 3818 existi·

358 3856 715 3942 mavimus,
844 3857 1089 3944 missis,
1168 3879 1346 3947 quae
1398 3857 1681 3926 usitatae
1739 3866 1926 3942 sunt,
1989 3852 2442 3939 caerimoniis,
2516 3852 2589 3922 in

358 3960 507 4051 ipso
557 3959 816 4028 ordinis
869 3961 1077 4030 nostri
1125 3961 1432 4031 conclavi
1474 3959 1950 4030 Candidatus
1929 3980 2335 4052 maugurare
2350 4005 2373 4043 ,
2459 3955 2589 4023 ab·

359 4061 783 4133 horrentibus
813 4087 855 4131 a
887 4065 1321 4156 publicorum
1361 4063 1783 4134 sollemnium
1814 4063 2067 4131 laetitia
2093 4061 2322 4130 animis
2351 4059 2590 4127 nostris

361 4176 644 4258 propter
710 4167 972 4236 obitum
1049 4168 1366 4259 collegae
1439 4166 1978 4257 praestantissimi
1993 4215 2014 4250 ‚
2108 4163 2428 4255 Mauricii
2496 4161 2586 4228 de

357 4270 612 4340 Prasse.
712 4270 795 4337 In
832 4293 972 4361 quo
1024 4271 1205 4357 viro,
1257 4293 1461 4361 quem
1487 4269 1744 4362 ipsum,
1809 4292 1983 4359 quae
2012 4289 2188 4337 nunc
2227 4273 2585 4361 grassatur,

362 4374 540 4442 mala
596 4372 894 4443 febrium
943 4377 1266 4468 contagio
1320 4374 1513 4442 nobis
1570 4372 1847 4465 eripuit,
1927 4380 2112 4440 tanto
2166 4370 2586 4441 acerbiorem

366 4476 646 4550 fecimus
689 4479 1016 4559 iacturam
1030 4528 1053 4566 ,
1111 4500 1250 4568 quo
1292 4477 1411 4549 ille
1453 4498 1590 4577 non
1617 4479 1841 4557 solum
1871 4475 2184 4546 scientiae
2213 4468 2586 4560 diligentia,
