3325 5317
413 1527 574 1616 DE
651 1529 754 1622 R,
836 1528 1431 1620 BENTLEIO
1510 1527 2026 1640 ElstvE
2088 1521 2656 1618 EmTIONE

746 1689 1301 1786 TERENTH
1358 1689 2162 1783 DlssERTATlo
2221 1689 2326 1804 *).

414 2274 530 2383 Β..-
581 2309 969 2380 Bentleium
1010 2315 1430 2401 quantopere
1473 2305 1800 2391 admirer,
1853 2306 2217 2377 Candidati
2256 2307 2708 2379 humanissi-23

414 2414 543 2500 mi,
596 2437 811 2504 quum
854 2414 924 2481 in
968 2413 1229 2504 scriptis
1275 2414 1442 2482 meis
1495 2435 1703 2502 saepe
1752 2410 2130 2497 declaravi,
2182 2420 2329 2481 tum
2367 2413 2416 2482 ii
2444 2414 2660 2483 sciunt

419 2541 685 2604 omnes,
739 2518 857 2607 qui
886 2517 999 2586 vel
1037 2517 1287 2589 scholis
1327 2515 1493 2585 meis
1539 2516 1651 2583 vel
1693 2514 2006 2584 familiari
2045 2516 2528 2585 consuetudine
2557 2518 2658 2588 usi

419 2632 606 2690 sunt:
675 2621 1044 2711 habeoque
1085 2644 1236 2690 eam
1297 2620 1809 2689 admirationem
1852 2619 2043 2707 quasi
2080 2620 2561 2689 hereditariam
2613 2645 2658 2690 a

413 2735 868 2817 praeceptore
914 2747 1072 2794 meo
1092 2773 1113 2810 ,
1179 2723 1444 2796 Frider.
1491 2724 1703 2815 Volg.
1770 2723 2048 2809 Reizio‚
2114 2724 2233 2813 qui
2288 2747 2658 2815 numquam

413 2830 802 2899 nominabat
844 2829 1228 2899 Bentleium
1245 2877 1266 2914 ,
1317 2828 1440 2897 nisi
1481 2850 1636 2898 cum
1684 2826 1911 2916 aliqua
1948 2828 2363 2898 reverentiae
2393 2828 2658 2922 signifi-

416 2933 681 3005 catione
696 2981 718 3017 ,
795 2943 1187 3022 tantumque
1235 2932 1300 3002 ei
1352 2932 1691 3002 tribuebat
1705 2978 1727 3015 ,
1794 2939 1870 2999 ut
1915 2954 2073 3004 eum
2127 2932 2476 3023 discipulis
2524 2934 2656 3003 suis

411 3046 759 3126 tamquam
835 3036 1398 3128 perfectissimum
1475 3036 1689 3107 critici
1769 3036 2155 3134 exemplum
2215 3046 2653 3128 proponeret.

415 3140 648 3226 Quod.
666 3140 791 3211 viri
838 3140 1060 3210 eximii
1079 3140 1420 3211 iudicium
1467 3162 1679 3229 quum
1712 3136 1881 3206 mihi
1922 3139 2338 3209 verissimum
2375 3164 2517 3224 ease
2548 3141 2655 3209 vi-

414 3244 690 3330 deatur,
756 3245 936 3315 facio
985 3265 1120 3337 ego
1168 3244 1445 3333 quidem
1483 3244 1671 3313 idem
1689 3290 1709 3328 ,
1780 3251 1854 3311 ut
1894 3242 2467 3332 adolescentibus»,
2536 3245 2656 3335 qui

309 3431 316 3440 .
414 3343 812 3438 antiquitatis
851 3349 1073 3418 studia
1130 3357 1628 3433 consectantur,
1714 3346 2099 3415 Bentleium
2147 3370 2317 3439 prae
2369 3349 2654 3419 caeteris

413 3452 661 3522 ducem
707 3453 1180 3523 commendem
1199 3501 1220 3538 ,
1285 3463 1747 3522 verumtamen
1792 3451 1885 3518 ita
1923 3450 1998 3519 ld
2037 3451 2267 3521 facere
2311 3450 2653 3536 consuevi,

410 3565 490 3625 ut
523 3557 722 3624 simul
768 3578 886 3624 eos
929 3578 1274 3645 moneam,
1326 3580 1413 3626 ne
1428 3605 1449 3642 ,
1502 3558 1556 3624 si
1593 3557 1774 3625 viam
1800 3555 2182 3623 inveniendi
2219 3557 2363 3623 veri
2392 3565 2651 3625 rectam

409 3661 498 3728 ab
541 3681 624 3728 eo
673 3661 802 3730 sibi
842 3660 1193 3728 monstrari
1233 3660 1537 3746 videant,
1588 3658 1906 3732 continuo
1951 3659 2187 3742 etiam,
2239 3677 2415 3746 quae
2453 3657 2650 3727 inve-

407 3762 577 3831 nerit
608 3764 723 3833 ille
750 3762 888 3833 hac
932 3765 1040 3832 via
1058 3812 1078 3849 ,
1130 3787 1290 3844 vera
1330 3787 1474 3832 esse
1513 3762 1831 3845 credant,
1882 3760 2005 3828 sed
2051 3761 2278 3852 potius
2300 3809 2323 3848 ,
2371 3783 2647 3832 conser-

408 3876 564 3935 vata
622 3868 930 3937 libertate
982 3867 1361 3956 iudicandi,
1429 3866 1674 3936 eadem
1725 3865 1868 3949 via,
1931 3886 2028 3933 -an
2070 3864 2191 3932 ille
2234 3866 2646 3936 aberraverit

407 3994 449 4038 a
492 3991 655 4038 vero
670 4019 690 4057 ‚
744 3973 1133 4063 perspicere
1187 3971 1515 4041 studeant.
1616 3971 1727 4040 De
1768 3989 1904 4057 qua
1943 3989 2018 4037 re
2065 3983 2320 4060 operae
2347 3970 2644 4064 pretium

400 4074 639 4166 putavi
666 4075 905 4164 paucis
945 4098 1281 4168 exponere
1297 4127 1316 4164 ‚
1363 4077 1762 4168 praesertim
1805 4058 2035 4163 quum'
2060 4072 2331 4145 videam
2373 4074 2643 4144 Frider.

401 4178 587 4272 Aug.
637 4177 964 4247 Wolflum
979 4227 1002 4266 ,
1053 4181 1170 4270 qui
1204 4181 1276 4249 in
1312 4179 1659 4253 Analectis
1706 4178 2039 4248 litterariis
2083 4179 2214 4249 vol.
2259 4180 2315 4250 1.
2355 4178 2643 4274 egregie

477 4499 538 4580 *)
582 4499 758 4562 Edita
801 4509 893 4562 eat
945 4521 998 4569 a.
1047 4504 1230 4570 1819.
