3325 5317
388 1497 560 1584 DE
655 1430 1637 1591 MYTHOLOGIA
1700 1422 2635 1627 ‘GRAECORVM

417 1646 1466 1803 ANTJQY'ISSIMA
1512 1662 2579 1779 DlssERTATIO*)
2612 1726 2641 1755 .

382 2242 536 2347 Ex·
568 2275 916 2360 omnibus,
968 2282 1305 2364 quotquot
1348 2274 1563 2345 hodie
1609 2285 1997 2368 supersunt,
2052 2278 2471 2347 Graecarum
2510 2266 2624 2346 lit-
2640 2290 2681 2350 1

378 2393 682 2451 terarum
728 2378 1177 2448 monumentis
1222 2379 1487 2473 nullum
1502 2428 1523 2466 ,
1588 2403 1746 2448 mea
1795 2382 2153 2468 sententia,
2214 2383 2634 2463 memorabi-

378 2487 508 2553 lius
542 2493 659 2568 est,
710 2505 917 2571 quam
940 2481 1356 2574 Theogonia
1386 2483 1696 2552 Hesiodi.
1801 2485 2014 2577 Quod
2049 2508 2322 2555 carmen
2352 2486 2473 2570 etsi
2504 2506 2635 2555 nec

381 2586 877 2681 magnitudine,
971 2608 1102 2657 nec
1157 2586 1527 2678 splendore
1587 2589 1968 2681 argumenti
1984 2637 2005 2677 ,
2102 2611 2466 2680 rerumque
2516 2596 2636 2658 aut
2724 2614 2741 2622 ⁸

467 2920 525 3005 ¹⁸¹)
570 2923 748 2983 Edita
809 2935 902 2986 est
957 2929 1245 2992 a.1817.
1335 2925 1508 2999 Quae
1565 2923 1684 2985 hac
1744 2874 2164 2989 dissertatione
2205 2934 2271 2987 et
2316 2876 2421 3004 ea,
2478 2945 2634 3007 quae

275 3056 280 3059 -
382 3010 687 3090 sequitur,
733 3012 960 3092 scripta
1002 3020 1180 3091 sunt,
1222 3011 1473 3071 suerunt
1516 3014 1621 3091 qui
1662 3011 1765 3072 vel
1809 3021 1880 3072 ut
1921 3012 2125 3075 lusum
2164 3012 2464 3090 riderent,
2506 3012 2629 3090 vel,
2653 3089 2659 3093 ,

381 3096 435 3156 si
493 3097 647 3154 serio
703 3096 884 3185 dicta·
927 3108 1156 3173 essent,
1221 3098 1658 3176 vituperarent.
1744 3097 1937 3157 Iidem
1990 3106 2190 3157 tamen
2240 3107 2455 3180 postea
2510 3096 2630 3178 ipsi

379 3181 609 3260 aliquid
673 3172 982 3242 nominum
1040 3182 1573 3260 significationibus
1631 3183 1996 3245 tribuerunt.
2076 3183 2182 3242 Ex
2239 3202 2359 3263 quo
2419 3180 2630 3262 colligfl

378 3275 611 3348 potest,
679 3269 912 3329 etiamsi
954 3269 1017 3327 in
1073 3269 1324 3347 singulis
1368 3290 1487 3327 non
1532 3268 1689 3329 desit
1731 3267 2050 3329 dubitandi
2089 3271 2368 3346 materia,
2427 3280 2629 3329 tamen

377 3373 671 3412 summam
716 3374 926 3414 eorum
971 3374 1127 3434 quae
1171 3355 1300 3413 dixi
1345 3355 1573 3434 aliquid
1616 3355 1752 3416 veri
1795 3358 2122 3414 continere.
2206 3356 2293 3416 Ea
2336 3363 2429 3414 est
2471 3354 2631 3414 enim

363 3440 510 3499 .veri
551 3439 644 3499 vis
688 3449 750 3500 et
792 3442 1020 3515 virtus,
1061 3451 1153 3509 ‚ut
1211 3440 1269 3500 ei
1325 3442 1506 3502 etiam
1567 3443 1675 3521 qui
1725 3441 1922 3521 primo
1966 3440 2269 3503 adversati
2309 3439 2464 3516 sint,
2521 3459 2632 3519 po-

378 3534 601 3584 stremo
645 3525 743 3586 vel
789 3525 1232 3586 dissimulantes
1287 3527 1523 3590 cedant.
1610 3528 1745 3587 Non
1793 3525 2021 3586 infitior
2062 3534 2294 3597 tamen,
2338 3524 2630 3585 accidisse

261 3684 268 3690 ,
376 3608 526 3669 mihi
565 3610 627 3669 in
659 3609 1016 3690 quibusdam
1057 3611 1362 3692 partibus,
1409 3611 1576 3691 quod
1615 3610 1772 3671 solet
1814 3612 1926 3685 iis,
1975 3611 2081 3690 qui
2124 3609 2198 3667 ab
2259 3609 2482 3668 usitata
2523 3611 2625 3670 via

377 3716 572 3756 novae
624 3698 1001 3775 quaerendae
1056 3699 1299 3757 semitae
1357 3717 1566 3756 caussa
1614 3695 1974 3771 discedunt,
2034 3704 2106 3753 ut
2163 3693 2454 3754 varietate
2514 3692 2624 3755 fle-

375 3782 555 3841 xuosi
611 3782 780 3841 callis
834 3783 1125 3844 invitante
1193 3784 1354 3842 iusto
1424 3781 1661 3881 longius
1714 3780 2201 3862 progrediantur.
2298 3780 2621 3842 Praeterea

374 3886 521 3927 vero
565 3867 905 3927 meminisse
948 3870 1233 3929 lectorem
1289 3870 1595 3948 oportet,'
1622 3888 1750 3927 non
1808 3885 2037 3948 paucas
2093 3866 2336 3925 illarum
2386 3865 2619 3927 sabula·

373 3973 544 4030 rum,
601 3961 674 4012 ut
713 3954 779 4012 in
820 3954 896 4012 iis
940 3975 1094 4035 quae
1141 3954 1222 4014 ad
1265 3955 1629 4013 Creuzerum
1674 3951 1892 4032 scripsi
1937 3951 2268 4011 indicatum
2314 3961 2438 4031 est,
2492 3972 2620 4013 non
2674 3976 2685 3987 ²

372 4057 497 4098 uno
541 4038 725 4097 modo
768 4038 866 4099 vel
908 4060 1086 4121 posse
1125 4040 1229 4100 vel
1271 4038 1489 4099 debere
1547 4038 1859 4118 explicari.
1946 4037 2267 4099 Caeterum
2323 4042 2501 4121 q'uae
2521 4056 2619 4104 me

378 4132 446 4182 ut
484 4122 638 4182 haec
679 4125 1001 4187 scriberem
1048 4125 1304 4193 adduxit
1341 4125 1653 4184 nominum
1702 4144 1838 4184 cum
1860 4123 2041 4184 rebus
2070 4124 2457 4224 conspiratio,
2498 4126 2620 4185 iam

372 4210 767 4288 Pausaniam,
821 4210 971 4273 nihil
1012 4213 1131 4272 tale
1173 4231 1361 4291 quum
1403 4211 1675 4271 scribere
1716 4210 2012 4290 inciperet.
2051 4211 2493 4290 suspicantem,
2551 4209 2617 4269 iu

375 4315 706 4377 progressu
748 4298 949 4376 operis
992 4300 1075 4357 ita
1120 4296 1401 4372 advertit,
1448 4306 1517 4356 ut
1560 4297 1698 4373 alia,
1740 4315 1921 4376 quam
1963 4316 2114 4375 quae
2158 4297 2357 4376 primo
2402 4295 2615 4373 adspe

373 4391 474 4441 ctu
517 4381 891 4460 viderentur,
931 4384 1065 4444 istis
1107 4382 1448 4443 fabularum
1488 4383 1820 4444 involucris
1861 4381 2177 4445 recondita
2222 4402 2349 4445 esse
2388 4378 2614 4438 intelli-

377 4461 564 4546 ge'ret.
654 4466 791 4543 Qua
835 4470 914 4532 de
956 4490 1025 4532 re
1067 4469 1157 4530 sic
1199 4469 1411 4530 scribit
1450 4469 1723 4544 vn1.8,
1768 4475 1830 4537 2.
1873 4463 2114 4544 τούτοις
2147 4461 2454 4547 Ἑλλήνων
2494 4458 2615 4546 ἐγοδ
