3325 5317
1181 512 1800 581 DANAIDIBVS.
2483 522 2646 587 323,

364 697 780 783 spectatores
795 738 818 784 ,
840 689 990 760 'sed
1031 712 1121 759 ne
1148 690 1677 761 animadvertant
1721 691 1998 782 quidem·
2016 739 2038 777 ,
2085 701 2407 782 ‘quantum
2434 703 2614 764 tema
2673 712 2682 717 “

365 797 557 886 poris
610 794 787 863 inter
835 795 1132 886 singulas
1186 795 1576 887 tragoedias
1630 796 2087 868 intercesserit.
2157 814 2168 829 ’
2204 797 2613 889 Eodemque

358 898 683 987 modoin
726 898 1009 989 Septem
1041 896 1130 964 ad
1160 897 1442 967 Thebas
1471 898 1643 967 nihil
1663 908 1814 985 -est,
1864 906 2326 992 qno‚'tempus‘
2349 901 2612 971 indice-

364 1011 507 1086 tur,
560 1001 750 1090 quod
789 1002 965 1069 inter
993 1009 1284 1070 mortem
1321 1000 1579 1094 Oedipi
1611 1013 1678 1071 et
1708 1003 2293 1094 oppugnationem
2321 1004 2612 1074 Theba'-
2666 1004 2674 1013 ’

362 1128 516 1173 rum
561 1105 879 1178 intetfuit.
984 1105 1079 1173 Vt
1122 1105 1378 1173 id'non
1425 1128 1620 1191 casu,
1705 1105 1828 1174 sed
1872 1115 2015 1174 arte
2057 1117 2308 1198 poetae
2352 1109 2611 1178 factum

360 1209 704 1296 videatur,
767 1208 1093 1298 temporis
1133 1208 1462 1277 interiecti
1508 1207 2007 1303 longitudinem
2039 1210 2258 1302 perite
2300 1214 2609 1304 tegentis.

359 1313 575 1401 Atqui
603 1313 671 1378 in
701 1313 1144 1402 supplicibus
1175 1332 1416 1404 regem
1445 1313 1859 1404 Argivorum
1887 1313 2191 1382 videmus
2221 1316 2606 1408 Pelasgum.

356 1415 575 1499 Quod
614 1416 678 1482 si·
704 1413 773 1481 in
818 1415 1085 1499 fabula,
1149 1438 1326 1506 quae
1370 1414 1554 1487 hanc
1599 1417 1978 1507 exciperet,
2035 1416 2352 1488 -Danaum
2400 1420 2607 1511 Argis

357 1519 804 1608 imperantem
860 1518 1365 1606 introduxisset,
1445 1521 1820 1591 necessario
1884 1542 1970 1588 ea·
2018 1543 2123 1588 res
2174 1543 2606 1591 commovere

359 1621 700 1689 debuisset
742 1630 1183 1713 spectatores.
1273 1623 1423 1691 Nec
1464 1623 1669 1692 facile
1711 1632 1848 1691 tam
1905 1623 2211 1693 inscitum
2253 1626 2604 1715 quisquam

360 1733 429 1792 et
461 1726 766 1816 ineptum
793 1723 1000 1809 fuisse
1031 1724 1449 1816 Aeschylum
1481 1727 1786 1818 putabit,
1839 1735 1916 1795 ut
1955 1750 2121 1823 ⁵eum
2170 1729 2403 1797 credat
2433 1752 2605 1821 pro-

356 1828 527 1919 logo
580 1828 809 1917 aliquo
853 1829 1288 1897 mutationem
1335 1849 1562 1897 rerum
1616 1830 1873 1899 factam
1930 1830 2359 1900 nunciavisse.
2462 1833 2604 1901 lta-
2713 1910 2724 1923 Ι

354 1954 492 2019 que
528 1932 595 1998 'si
637 1933 749 2000 vel
794 1929 937 2000 hoc
975 1940 1375 2023 argumento
1410 1931 1650 2001 coniici
1693 1933 1895 2020 licet,
1946 1934 2147 2003 etiam
2171 1935 2242 2002 in
2272 1929 2618 2004 Danaidi-·

354 2035 481 2102 bus
533 2056 672 2102 non
717 2034 1065 2117 Danaum,
1134 2034 1256 2103 sed
1300 2034 1669 2127 Pelasgum
1707 2036 1913 2127 Argis
1950 2047 2345 2128 regnantem
2388 2040 2603 2107 intro—

316 2137 636 2223 ,ductum
680 2153 858 2224 esse,
924 2137 1144 2204 multo
1188 2134 1407 2228 magis
1448 2138 1522 2205 id
1562 2146 1707 2223 tota
1758 2140 2160 2230 compositio
2193 2140 2603 2232 Supplicnm

352 2240 635 2332 flagitat.
739 2239 946 2310 Cuius
983 2238 1259 2310 fabulae
1297 2250 1772 2333 argumentum
1811 2263 2023 2330 quum
2069 2252 2305 2333 aperte
2337 2244 2603 2334 imper-’-

349 2344 612 2413 fectum
652 2343 767 2429 sit,
816 2343 912 2412 ita
957 2343 1031 2412 ut
1068 2346 1442 2415 necessario
1486 2345 1620 2413 alia
1657 2343 1926 2431 fabula,
1976 2345 2047 2414 in
2080 2368 2217 2435 qna
2264 2345 2353 2415 ad
2391 2349 2616 2416 finem·

350 2447 888 2539 perducerentur
931 2469 1108 2537 quae
1151 2446 1473 2517 inchoata
1515 2457 1739 2532 erant,
1820 2449 2012 2537 sequi
2057 2447 2403 2536 debuerit,
2452 2460 2598 2520 tum

350 2550 552 2619 etiam
580 2550 698 2620 'sic'
735 2561 1207 2643 comparatum
1251 2560 1382 2637 est,
1446 2561 1557 2637 nt,
1609 2550 1776 2642 qnid
1820 2560 2176 2641 sequutum
2209 2553 2325 2639 sit,
2391 2553 2598 2624 facile

352 2655 593 2747 colligi
652 2652 883 2746 possit.
987 2653 1357 2723 Versantur
1417 2656 1595 2724 enim
1659 2655 2022 2746 Supplices
2081 2656 2150 2723 in
2197 2680 2277 2726 ea
2328 2658 2599 2749 potissi-‘-

220 2750 221 2755 ’
349 2778 541 2833 mum
585 2759 1102 2846 deliberatione,
1167 2780 1252 2825 an
1307 2758 1739 2850 recipiendae
1785 2759 1912 2826 sint
1947 2759 2319 2842 Danaides,
2385 2784 2597 2851 quum

351 2880 437 2929 ex
499 2885 581 2928 ea
637 2880 714 2929 re
752 2862 1014 2930 bellum
1052 2863 1413 2929 immineat.
1534 2862 1907 2952 Impetrata
1961 2864 2353 2953 receptione
2407 2865 2598 2933 adest

349 2965 534 3031 navis
584 2963 878 3049 hostilis,
928 2965 1386 3056 praeconique
1418 2966 1758 3058 profugos
1811 2967 2142 3057 repetenti
2183 2967 2317 3034 vim
2374 2966 2440 3034 vi
2477 2990 2595 3035 re·-

347 3069 621 3160 pnlsum
668 3067 751 3135 iri
790 3067 1256 3159 respondetur.
1355 3069 1436 3136 In
1479 3092 1616 3159 qua
1655 3093 1733 3137 re
1777 3090 1988 3158 quum
2030 3070 2299 3139 finiatur
2337 3071 2594 3155 fabula,

347 3192 487 3238 non
528 3178 753 3262 potest
792 3171 1073 3240 dubium
1113 3194 1289 3256 esse,
1342 3170 1505 3262 quin
1547 3171 2028 3264 Aegyptiadae
2071 3172 2290 3242 statim
2334 3175 2612 3243 bellum
2687 3186 2693 3193 “

344 3274 640 3342 intulisse
681 3274 991 3366 Argivis,
1014 3292 1027 3301 ‘
1053 3296 1401 3365 quumque
1438 3275 1783 3361 vicissent,
1832 3276 2036 3368 potiti
2063 3299 2207 3346 esse
2234 3272 2452 3346 Danai
2491 3278 2639 3352 fi-25

344 3379 565 3445 liabus
614 3378 1031 3470 intelligendi
1074 3380 1221 3447 sint.
1324 3381 1436 3448 Eo
1477 3381 1548 3449 in
1601 3381 1872 3471 proelio
1913 3380 2036 3448 nisi
2092 3380 2411 3450 cecidisse
2451 3382 2591 3448 Pe·-

346 3481 618 3571 lasgum
678 3482 1062 3571 putabimus
1082 3531 1102 3567 ,
1187 3483 1424 3552 debuit
1475 3485 1594 3552 ille
1655 3483 1855 3552 etiam
1899 3484 1968 3551 in
2012 3482 2425 3552 Danaidibus
2466 3506 2588 3551 rex

347 3584 758 3675 Argivorum
811 3582 1179 3677 perhiberi.
1309 3588 1402 3656 Et
1452 3587 1546 3654 ita
1600 3587 1933 3677 placuisse
1983 3586 2331 3678 Aeschylo
2350 3634 2372 3672 ,
2447 3606 2587 3654 non

347 3687 912 3758 contemnendum
974 3688 1146 3756 mihi
1208 3688 1446 3758 videor
1506 3700 1856 3758 auctorem
1912 3689 2170 3757 habere
2237 3688 2588 3775 Ovidium,

345 3793 642 3860 versibus
673 3791 802 3860 illis
830 3795 900 3861 in
934 3792 1216 3885 epistola
1243 3793 1837 3885 Hypermnestrae,
1887 3791 2171 3860 Heroid.
2207 3793 2392 3864 xlv.
2425 3793 2586 3882 23„

342 3919 514 3986 quos
556 3897 980 3965 Burmannus
1022 3896 1315 3989 pessime
1361 3898 1456 3965 ita
1498 3900 1785 3991 scriptos
1825 3895 2044 3965 deditz

550 4048 880 4118 ducimur
926 4048 1316 4119 Inachides
1359 4024 1617 4145 magni
1652 4049 1785 4120 sub
1835 4058 2029 4120 tecta
2071 4049 2379 4140 tyranni,
2413 4097 2424 4105 -
2553 4098 2570 4135 ἒ,

728 4160 797 4221 et
837 4174 1042 4222 socer
1091 4160 1419 4223 armatas
1458 4156 1723 4248 accipit
1761 4154 1947 4223 aede
1982 4170 2246 4241 numa,

342 4304 512 4374 Esto
565 4306 778 4388 enim,
818 4314 940 4399 put.
980 4302 1303 4396 quinque·
1347 4303 1552 4375 codd.
1601 4309 1926 4399 tyranni,
1991 4316 2061 4375 et
2103 4303 2583 4376 Ambrosiamis

343 4412 529 4479 aede
570 4411 978 4502 praebeant,
1006 4421 1252 4478 tamen
1297 4410 1467 4477 nihil
1499 4411 1606 4479 his
1651 4412 1872 4481 verbis
1910 4412 2198 4502 ineptius
2239 4411 2408 4502 fingi
2444 4432 2577 4500 po·-

340 4522 488 4582 test.
562 4515 770 4584 ·Nam
810 4514 898 4600 is,
952 4514 1043 4582 de
1073 4534 1212 4602 quo
1244 4515 1542 4604 loquitur
1566 4517 2141 4686 Hypermnegzraz,
2189 4534 2414 4604 neque
2435 4512 2582 4582 1)αὲ-
