3325 5317
743 498 834 560 ω
1286 492 1407 554 DE
1459 491 1932 556 AEscHYLl
1989 492 2401 554 GLAVCIS

745 666 867 744 nai
893 659 1314 789 ἀνθρώποις
1338 659 1439 739 τοὶ
1463 659 1775 760 ἐσόμενα
1809 669 1879 748 ἐς
1919 658 2094 740 τόδε
2134 666 2536 761 προλέγειν,
2598 669 2685 737 οἴ
2711 692 2797 740 τε
2837 663 2983 740 ἅλ-

744 775 865 846 λοι
894 763 1124 845 πιστοὶ
1155 767 1500 894 ἥγηνται,
1549 768 1668 841 καὶ
1699 774 1772 841 οἱ
1810 761 1949 893 τῆν
1986 761 2373 843 θάλασσαν
2402 768 2736 850 πλέοντες
2759 750 2978 843 πλεῖ-

744 901 887 948 στα
951 866 1360 969 ανθρώπων
1420 876 1492 954 ἐς
1559 865 1699 968 τήν
1745 865 2080 946 Γλαύκου
2136 865 2495 1000 μαντικην
2554 897 2745 945 κατα
2809 871 2974 953 ἐτὸς

743 983 1048 1053 ἕκαστον
1087 977 1397 1069 λέγουσι.
1459 968 1866 1070 Πινδάρῳ
1913 974 1992 1048 δὲ
2036 973 2158 1047 καὶ
2199 973 2542 1069 Αἰσχυλῳ
2584 984 2976 1048 πυνθανο-

603 1132 608 1138 -
738 1082 989 1175 μένοις
1027 1103 1228 1198 παρα
1274 1072 1835 1202 ’Λνθηδονίωὴ
1871 1076 1980 1173 τῷ
2017 1076 2155 1167 μὲν
2190 1103 2317 1150 ουκ
2362 1074 2478 1150 ἐπι
2518 1070 2705 1150 πολυ
2735 1072 2967 1199 ἦλθεν

740 1179 927 1279 ᾆσαι
948 1209 1045 1254 τα
1076 1185 1143 1263 ἐς
1166 1180 1538 1266 Γλαῦκον,
1588 1172 1931 1271 Αἰσχύλῳ
1979 1179 2057 1251 δὲ
2088 1177 2207 1251 καὶ
2238 1184 2307 1259 ἐς
2348 1177 2639 1274 ποίησιν
2668 1173 2966 1277 δροῖμα-
3050 1227 3067 1243 ·

736 1312 865 1368 τος
920 1278 1261 1380 ἐξήρκεσε.
1378 1282 1591 1370 Quod
1649 1284 1705 1350 si
1760 1281 2153 1374 Rhegium,
2217 1283 2543 1371 locosque
2608 1282 2729 1371 qui
2788 1282 2975 1353 circa

735 1397 920 1475 sunt,
1000 1395 1072 1456 et
1128 1385 1433 1455 Siciliam
1493 1395 1703 1477 poeta
1751 1386 2340 1471 commemoravit,
2411 1384 2554 1454 veri
2591 1385 2804 1455 simile'
2849 1388 2971 1472 est,

736 1491 1083 1561 Glaucum
1153 1489 1357 1561 alicui
1371 1536 1393 1574 ‚
1486 1491 1602 1579 qui
1674 1488 1799 1557 is'ta
1861 1488 2019 1558 loca
2076 1487 2354 1574 adisset,
2436 1489 2579 1556 fata
2632 1488 2970 1558 cecinisse.

641 1594 909 1680 11Quis
952 1601 1181 1663 autem
1206 1615 1345 1660 non
1369 1593 1590 1660 statim
1618 1591 1710 1661 de
1744 1592 2050 1662 Hercule
2092 1591 2401 1684 cogitet?
2449 1591 2828 1680 Summus,
2879 1591 2974 1661 de

732 1697 878 1770 hoc
923 1698 1077 1789 agi,
1158 1704 1227 1765 et
1263 1695 1611 1780 ,videamus
1628 1743 1649 1780 ,
1730 1718 1817 1763 an
1858 1696 1953 1762 ita
1997 1695 2250 1792 aliquid
2268 1746 2289 1782 ‚
2359 1694 2548 1784 quod
2607 1695 2973 1785 probabile

730 1802 1036 1871 videatur
1050 1847 1072 1884 ‚
1125 1798 1311 1869 effici
1347 1801 1595 1890 possit:
1654 1797 1778 1866 sed
1821 1798 2313 1870 meminerimus
2353 1797 2598 1882 simul,
2664 1798 2971 1888 quamvis

728 1904 897 1997 quid
935 1903 1313 1995 speciosum
1359 1902 1478 1986 sit,
1536 1923 1746 1994 posse
1788 1902 1988 1970 etiam
2041 1895 2179 1969 no'n
2214 1923 2450 1971 verum
2505 1924 2664 1969 esse.
2777 1901 2972 1969 Nihil

730 2008 943 2079 enim
971 2028 1102 2077 nec
1151 2005 1593 2098 periculosius
1655 2012 1753 2072 est
1804 2006 1876 2073 in
1924 2005 2328 2096 antiquitatis
2379 2005 2970 2098 pervestigatione,

726 2133 856 2186 nec
903 2110 1161 2201 turpius
1178 2157 1200 2194 ‚
1285 2131 1493 2199 quam
1542 2108 1801 2178 incerta
1857 2117 2118 2178 temere
2189 2130 2365 2199 pro
2377 2109 2575 2177 certis
2646 2108 2966 2199 arripere.

726 2214 1011 2284 Herculi
1038 2213 1277 2305 igitur,
1328 2235 1540 2302 quum
1580 2212 1636 2280 is
1662 2211 1838 2280 inter
1875 2199 2303 2304 Arghnautas
2327 2210 2635 2281 Colchos
2676 2220 2966 2305 peteret,

724 2309 1156 2391 vaticinatum
1197 2338 1339 2385 esse
1379 2314 1725 2386 Glaucum
1775 2336 1860 2385 ex
1902 2317 2271 2406 Apollonio
2307 2314 2594 2384 Rhodio
2637 2316 2694 2384 Ι.
2740 2313 2965 2383 131⁰.

722 2444 874 2516 sqq.
918 2420 1230 2490 Diodoro
1270 2418 1506 2491 Siculo
1532 2419 1650 2489 lv
1685 2415 1809 2490 48.
1845 2417 2257 2489 Philostrato
2287 2414 2968 2513 lmag.11.15.Eu-

725 2524 931 2596 docia
965 2547 1038 2616 p.
1074 2519 1199 2592 97.
1246 2531 1525 2596 constat.
1643 2521 1872 2643 Quam
1924 2523 2375 2593 narrationem
2415 2524 2472 2591 si
2517 2530 2618 2590 est
2653 2520 2969 2613 Aeschy-

723 2627 830 2696 lus
885 2635 1236 2716 sequutus,
1315 2636 1502 2697 certe
1566 2647 1720 2694 eam
1804 2626 1903 2694 sic
1975 2626 2313 2695 videbitur
2384 2634 2787 2717 temperasse
2800 2673 2822 2710 ‚
2891 2635 2971 2695 ut

689 2730 1097 2799 ¹Herculem
1160 2728 1299 2796 iam
1373 2735 1571 2819 parte
1647 2727 1966 2797 laborum
2036 2730 2405 2822 profligata
2476 2752 2634 2798 cum
2692 2730 2964 2800 Glauco

725 2853 1167 2923 congressum
1239 2831 1553 2925 fingeret.
1684 2830 1862 2898 Nam
1877 2878 1899 2915 ‚
1979 2832 2034 2899 si
2128 2834 2405 2923 quidem
2507 2832 2598 2902 (le
2654 2834 2964 2905 Hercule

718 2956 945 3004 sermo
992 2935 1123 3002 fnit
1170 2933 1243 3001 in
1293 2932 1622 3021 Aeschyli
1676 2933 1949 3018 fabula,
2030 2935 2177 3026 ipse
2219 2960 2291 3005 se
2346 2936 2572 3006 dixit
2553 2959 2624 3005 m
2658 2938 2961 3007 Siciliam

718 3038 996 3108 venisse.
1048 3035 1461 3107 scholiastes
1518 3035 1799 3106 Pindari
1853 3037 1946 3106 ad
2014 3037 2956 3140 Ρ3111.Ι.152.Ἷμέρας,

716 3164 1061 3319 granos
1125 3139 1502 3231 Σικελίας,
1603 3139 1773 3238 περὶ
1856 3135 1948 3216 οὗ
2007 3141 2153 3216 καὶ
2198 3136 2563 3235 Αἰσχύλος
2618 3143 2830 3245 φησίν
2880 3149 2960 3220 ἐν

836 3269 1066 3341 avuto),

922 3375 1210 3470 καλοῖσι
1252 3400 1589 3493 λουτροῖς
1619 3388 2125 3491 ἐκλολούμενος
2167 3397 2387 3493 δέμας

927 3501 1026 3582 εἰς
1065 3495 1524 3599 ὑψίκρημνον
1548 3496 1850 3598 Ιμέραν
1883 3493 2336 3600 ἀφικόμην.-

716 3655 822 3725 Ita
865 3654 1146 3745 quidem
1196 3655 1580 3747 corrigunt,
1642 3678 1774 3726 nec
1827 3654 2028 3724 male.
2139 3655 2421 3726 Editum
2466 3664 2564 3727 eet
2618 3657 2956 3733 ἐκλέλου-

715 3784 860 3850 μαι
901 3768 970 3827 et
998 3754 1299 3855 Ἱμέραν
1333 3754 1393 3831 δ’
1427 3753 1832 3857 almutium.-
1920 3760 2211 3829 Possunt
2234 3770 2461 3829 autem
2485 3759 2662 3831 haec
2691 3783 2774 3829 eo
2801 3784 2957 3831 ,ma-

715 3860 824 3950 gis
866 3859 1081 3929 videri
1125 3861 1221 3930 ad
1258 3862 1632 3931 Herculem
1670 3870 2010 3954 spectare,
2086 3864 2274 3955 quod
2326 3864 2392 3933 ei
2434 3863 2735 3935 Siciliam
2785 3887 2955 3957 per-

714 3962 982 4053 agranti
1001 3963 1346 4053 nymphae
1374 3964 1672 4034 thermas
1729 3964 1821 4035 ad
1858 3966 2206 4037 Himeram
2222 4015 2243 4054 ‚
2296 3967 2594 4061 aliasque
2633 3969 2724 4038 ad
2752 3970 2952 4062 Ege-

715 4074 888 4134 stam
923 4064 1243 4134 excitasse
1275 4065 1622 4154 dicuntur,
1673 4076 1750 4137 ut
1785 4070 1995 4138 refert
2020 4069 2363 4139 Diodorus
2394 4071 2519 4146 lv.
2546 4071 2667 4140 23.
2717 4074 2949 4163 Atque

690 4165 905 4236 haud
948 4167 1180 4257 inepte
1221 4170 1531 4239 coniicias
1548 4219 1570 4257 ,
1604 4170 1728 4240 his
1763 4173 2059 4242 versibus
2088 4173 2303 4241 statim
2340 4174 2716 4246 subiectum
2742 4175 2948 4252 fuisse

708 4270 908 4339 illum
956 4291 1220 4340 versum
1236 4317 1258 4356 ,
1316 4295 1523 4361 quem
1556 4297 1696 4344 non
1737 4274 2033 4347 indicato
2079 4276 2353 4346 fabulae
2380 4278 2649 4348 nomine
2698 4280 2947 4348 Pollux

713 4362 1034 4459 servavit,
1082 4372 1178 4441 ita
1205 4373 1496 4443 scribens
1534 4377 1687 4445 Vll.
1731 4376 1903 4446 16⁷.
1958 4372 2324 4472 Αἰσχύλος
2363 4377 2514 4457 δ”
2461 4409 2554 4457 αν
2579 4379 2808 4458 ἐοίκοι
2843 4410 2944 4457 τα

710 4480 1094 4571 βαλανεῖα
1111 4468 1463 4575 λουτήρια
1510 4480 1769 4620 λέγειν,
