3325 5317
322 1544 497 1634 DE
558 1546 1208 1643 HISTORJAE
1263 1551 1821 1645 GRAEGAE
1884 1548 2587 1643 PRIMORDHS

971 1721 1776 1856 DISSERTATlo
1845 1724 1954 1839 *).

1254 2035 1674 2066 *-

271 2394 280 2399 .
332 2291 579 2424 Quae
633 2331 981 2424 superiore
1029 2354 1205 2399 anno
1240 2330 1332 2401 de
1364 2331 1820 2421 antiquissima
1847 2331 2273 2402 Graecorum
2310 2331 2644 2423 mytho—3

328 2434 535 2524 logia
564 2436 836 2525 scripsi,
886 2437 1157 2503 fuerunt
1185 2438 1302 2525 qui
1329 2437 1486 2504 ioco
1516 2438 1769 2526 scripta
1806 2445 2137 2528 putarent.
2239 2438 2337 2504 Hi
2353 2484 2374 2521 ,
2427 2437 2595 2526 quid

294 2536 691 2624 sentirem,
741 2539 879 2606 iam
924 2562 1032 2606 ex·
1051 2541 1352 2631 epistolis
1400 2541 1565 2607 meis
1611 2539 1704 2607 ad
1747 2538 2195 2623 Creuzerum‚
2265 2563 2431 2628 quas
2478 2541 2596 2608 ille

332 2663 475 2708 una
510 2662 667 2711 cum
714 2644 848 2710 suis
892 2643 1138 2721 edidit,
1192 2665 1608 2736 cognoscere
1654 2652 2038 2733 potuerunt.
2143 2643 2288 2711 Sed
2325 2645 2598 2735 incepta

334 2752 602 2812 tantum-
638 2755 738 2814 est
777 2747 898 2813 illa
943 2746 1303 2839 disputatio
1323 2796 1343 2831 ‚
1409 2770 1537 2816 nec
1579 2747 1753 2814 mihi
1800 2770 1978 2815 nunc
2021 2746 2112 2813 ad
2159 2770 2309 2814 eam
2348 2749 2597 2816 reuerti

265 2845 271 2850 ’
337 2849 554 2918 otium
602 2856 722 2916 est.
842 2851 1109 2921 Placuit
1160 2861 1386 2921 tamen
1401 2899 1423 2936 ,
1490 2851 2001 2942 opportunitate
2038 2851 2372 2920 scribendi
2415 2852 2597 2938 data,
2696 2905 2702 2912 .

338 2960 713 3044 cognatum
767 2941 1239 3044 argumentum
1277 2956 1608 3046 attingere
1624 3002 1645 3039 ‚
1711 2954 1901 3044 quod
1944 2964 2205 3046 spectat
2245 2955 2338 3022 ad
2380 2955 2599 3023 histo-

337 3054 481 3122 riae
524 3056 835 3127 Graecae
875 3058 1269 3148 primordia.
1387 3061 1565 3126 Nam
1619 3082 1832 3147 quum
1887 3058 2403 3148 antiquissimam
2458 3082 2597 3154 po·-

338 3159 660 3249 pulorum
701 3158 1053 3230 historiam
1099 3164 1350 3231 fabulis
1392 3161 1818 3231 obscuratam
1864 3185 2005 3229 esse
2054 3171 2352 3248 constet,
2422 3187 2600 3253 quae

339 3284 445 3328 res
477 3264 704 3330 movit
741 3262 1135 3351 historicos,
1186 3276 1261 3334 ut
1304 3277 1621 3357 tempora
1661 3266 1979 3334 fabulosa
2027 3268 2113 3334 ab
2154 3266 2235 3334 iis
2268 3269 2601 3357 tempori-

338 3365 501 3450 bus,
567 3366 639 3433 in
692 3362 936 3456 quibus
997 3380 1185 3440 certa
1238 3372 1517 3443 narratis
1572 3370 1742 3437 fides
1801 3378 2007 3464 esset,
2074 3367 2598 3461 distinguerent:

340 3469 687 3559 plerique,
755 3494 931 3560 quae
987 3475 1381 3543 commentis
1438 3485 1801 3566 poetarum
1846 3484 1914 3540 et
1956 3473 2182 3540 famae
2228 3474 2599 3541 temeritate

339 3574 736 3662 perturbata
789 3576 1096 3644 viderent
1112 3626 1133 3663 ‚
1213 3601 1435 3668 neque
1495 3577 1840 3646 credenda
1859 3623 1879 3660 ,
1963 3598 2185 3664 neque
2234 3598 2371 3644 non
2442 3599 2599 3644 cre—

341 3675 578 3745 denda·
598 3678 766 3762 rati,
820 3701 1033 3767 quum
1066 3705 1395 3750 summam
1430 3690 1653 3750 tamen
1687 3702 1914 3747 rerum
1941 3701 2171 3747 veram
2203 3702 2344 3747 esse
2375 3678 2599 3747 existi--

339 3788 635 3866 marent,
688 3784 973 3873 magniS,
1025 3785 1186 3855 licet
1211 3787 1396 3853 vanis
1430 3784 1802 3866 conatibuS,
1854 3782 2013 3869 quia
2043 3782 2225 3849 viam
2251 3783 2352 3850 rei
2380 3805 2599 3875 agen-

341 3882 474 3952 dae
502 3894 760 3952 certam
788 3907 923 3953 non
954 3874 1302 3958 habebant
1317 3938 1338 3975 ,
1391 3889 1732 3960 conficere
1762 3885 2019 3973 aliquid
2047 3886 2211 3970 veri,
2263 3888 2599 3978 mirasque

336 3986 490 4054 illas
519 3987 987 4076 dissensione8‚
1042 4015 1219 4081 quae
1264 4016 1474 4082 quum
1517 3992 1660 4058 aliis
1711 3991 1780 4056 in
1824 3991 2059 4074 rebuS,
2122 3998 2270 4059 tum
2307 3994 2599 4060 maxime

337 4088 408 4156 in
452 4099 848 4182 temporum
891 4095 1257 4184 rationibus
1282 4098 1740 4178 inveniuntur,
1802 4109 2219 4185 componere
2254 4097 2598 4164 allabora-

336 4202 534 4261 runt.·
611 4196 707 4264 Et
741 4205 927 4267 recte
970 4200 1070 4266 illi
1111 4200 1462 4292 profecto,
1514 4201 1570 4266 si
1598 4199 1695 4265 ita
1730 4207 1862 4282 est,
1923 4206 1999 4265 ut
2043 4206 2319 4291 putant,
2372 4200 2599 4268 famae

425 4513 489 4594 *)
532 4513 710 4576 Edita
754 4526 847 4578 est
899 4537 955 4583 a.
1006 4522 1187 4585 1818.
1984 4610 2053 4678 N
2104 4606 2154 4677 2
