3325 5317
752 463 887 528 282
966 458 1068 520 DE
1107 459 1183 522 R.
1226 456 1614 519 BENTLEIO
1654 456 1993 532 mstvE
2026 457 2396 519 EDITIONE
2432 459 2800 521 TERENTII

753 632 880 701 sito
898 679 920 717 ,
985 628 1079 698 ad
1121 628 1307 701 hunc
1349 650 1560 699 unum
1601 627 1961 697 referenda
1998 628 2468 707 videbunturt,
2503 652 2587 699 ex
2630 654 2769 720 quo
2813 631 2995 707 haec

752 742 1062 807 nascetur
1108 733 1464 805 sententia:
1528 733 1583 802 si
1626 731 1793 804 huic
1840 755 1979 801 non
2026 734 2189 804 licet
2222 733 2460 803 iisdem
2512 736 2817 825 personis
2871 736 2990 825 uti,

753 840 873 930 qui
897 839 1117 930 magis
1148 840 1211 908 ei
1232 838 1396 908 licet
1425 845 1767 908 currentes
1797 859 2024 905 servos
2049 838 2343 907 scribere
2360 836 2396 905 P
2446 837 2659 922 Quod
2684 840 2989 930 ineptum

753 965 895 1013 esse
935 951 1254 1033 apparet,
1305 941 1500 1031 quia,
1549 941 1717 1031 quid
1772 941 1901 1010 sibi
1945 941 2178 1027 liceat,
2229 963 2535 1011 non-suo
2576 941 2818 1032 debet,
2865 942 2988 1012 sed

751 1046 1041 1125 aliorum
1100 1045 1401 1115 omnium
1448 1044 1767 1136 exemplo
1830 1044 2205 1114 ostendere.
2326 1045 2761 1136 Quamquam
2810 1045 2988 1115 haec

751 1172 1028 1240 quoque
1053 1149 1423 1242 speciosior
1437 1197 1459 1235 ,
1510 1172 1722 1238 quam
1761 1149 1985 1218 verior
2013 1150 2502 1242 argumentatio
2534 1151 2734 1219 foret.
2783 1150 2986 1218 Adeo

751 1254 931 1323 enim
974 1253 1255 1344 planum
1293 1260 1424 1338 cst,
1491 1254 1583 1320 de
1624 1252 1935 1321 omnibus
1972 1253 2195 1347 poetis
2236 1252 2355 1323 hic
2397 1276 2778 1322 sermonem
2820 1276 2985 1339 esse,

749 1366 861 1443 ut,
909 1358 1051 1425 sive
1097 1357 1296 1443 huic,
1347 1356 1487 1425 sive
1528 1356 1693 1424 aliis
1730 1357 2030 1449 legatur,
2080 1379 2283 1425 nemo
2319 1356 2499 1428 haec
2542 1359 2754 1426 verba
2794 1357 2984 1425 aliter

750 1462 834 1530 sit
867 1470 1291 1553 accepturus..
1381 1459 1527 1528 Nisi
1566 1460 1803 1552 paullo
1853 1462 2101 1544 maior,
2152 1460 2208 1528 si
2255 1462 2453 1546 aliis,
2503 1484 2710 1551 quam
2737 1462 2792 1529 si
2822 1459 2987 1528 huic

745 1565 999 1657 legitur
1016 1612 1038 1650 ,
1121 1564 1438 1633 orationis
1495 1574 1595 1631 est
1644 1563 1941 1654 partium
1993 1565 2478 1635 convenientia.
2593 1564 2741 1633 Sed
2788 1562 2985 1631 huius

710 1694 717 1709 ‘
748 1668 1252 1739 convenientiae
1294 1666 1637 1759 neglectio
1678 1677 1821 1735 tam
1874 1677 1974 1735 est
2025 1668 2309 1760 propria
2353 1668 2695 1736 familiaris
2726 1690 2986 1736 sermo-

744 1774 848 1842 nis
863 1819 885 1857 ,
952 1781 1037 1862 ut.
1074 1779 1381 1839 naturam
1424 1770 1564 1839 eius
1611 1772 1968 1840 contineat.
2070 1771 2312 1862 Itaque
2342 1773 2455 1841 vel
2493 1780 2778 1863 propter
2804 1770 2985 1840 hanc

742 1876 963 1967 ipsam
1006 1872 1494 1966 negligentiam
1538 1874 1835 1943 dubitari
1878 1883 2105 1965 potest
2119 1923 2141 1960 ,
2211 1900 2297 1944 an
2338 1875 2865 1968 praeferendum
2904 1875 2986 1942 sit

652 1985 736 2047 21
752 1977 938 2047 huic.
1038 1978 1164 2047 Est
1204 1999 1370 2046 vero
1405 1977 1592 2045 aliud
1609 2025 1631 2063 ,
1682 1977 1876 2067 quod
1910 1979 2167 2048 mireris
2204 2003 2245 2047 a
2275 1980 2621 2068 Bentleio‚
2671 1979 2790 2068 qui
2829 1976 2986 2045 dili-

748 2080 1133 2175 gentissime
1181 2080 1358 2150 solet
1396 2080 1486 2149 ad
1528 2104 1844 2150 numeros
1885 2083 2231 2152 attendere
2247 2131 2269 2169 ,
2319 2104 2457 2152 non
2495 2106 2638 2152 esse
2674 2080 2982 2150 animad-

745 2208 1032 2257 versum.
1130 2185 1310 2254 Nam
1338 2185 1410 2253 in
1435 2185 1715 2277 vulgata
1748 2186 2079 2278 scriptura
2106 2197 2290 2257 recte
2324 2187 2605 2276 quidem
2646 2196 2716 2255 et
2755 2184 2983 2254 isdem

664 2280 669 2285 ’
746 2298 816 2359 et
841 2280 1005 2359 aliis
1040 2288 1111 2356 in
1137 2289 1277 2358 ictu
1319 2298 1449 2374 est,
1497 2291 1606 2358 uti
1631 2298 1863 2358 autem
1896 2299 2083 2360 extra
2118 2290 2360 2360 ictumz
2410 2290 2535 2359 sed
2574 2291 2720 2379 quis
2755 2299 2982 2356 tamen

741 2415 880 2462 non
912 2392 1185 2479 sentiat,
1242 2391 1446 2460 valde
1480 2392 1900 2485 ineleganter
1925 2393 2068 2463 hoc
2103 2394 2209 2462 uti
2243 2395 2336 2463 ita
2360 2418 2503 2464 esse
2546 2395 2979 2477 collocatum,

739 2507 818 2565 ut
834 2546 856 2583 ,
935 2519 1146 2585 quum
1193 2495 1488 2564 secunda
1534 2498 1796 2587 syllaba
1848 2497 2168 2586 elidatur,
2253 2499 2476 2589 prima
2532 2506 2759 2566 autem
2825 2518 2980 2562 eum

738 2609 965 2669 teneat
1005 2599 1275 2685 locum,
1337 2601 1409 2669 in
1445 2618 1584 2689 quo
1630 2601 1900 2670 brevius
1938 2602 2370 2693 pronunciari
2414 2600 2698 2683 debeat,
2762 2608 2983 2691 totum

739 2705 1024 2773 verbum
1062 2725 1289 2795 prope
1336 2703 1624 2795 effugiat
1668 2715 1737 2772 et
1773 2705 1883 2773 vix
1922 2704 2200 2794 aliquod
2247 2705 2349 2774 sui
2387 2704 2722 2794 relinquat
2775 2702 2981 2770 vesti-

739 2806 983 2900 gium?
1035 2807 1322 2891 Contra,
1388 2807 1581 2897 quod
1622 2809 1696 2875 in
1734 2808 1913 2876 libro
1953 2809 2295 2877 Bembino
2345 2817 2480 2894 est,
2539 2809 2744 2898 plane
2773 2829 2979 2874 exau-

740 2910 871 2978 diri
909 2909 1060 2977 sinit
1106 2912 1388 2979 verbum
1429 2911 1570 2996 uti,
1635 2910 1829 3001 quod
1870 2934 2086 2998 nunc,
2149 2912 2272 2980 ubi
2325 2912 2456 2980 aliz·
2498 2913 2728 2995 abest,
2795 2918 2979 2979 recte

736 3014 861 3082 sub
903 3012 1118 3083 ictum
1153 3015 1453 3106 positum
1486 3024 1617 3099 est,
1668 3017 2073 3106 pronomine
2114 3015 2307 3100 huic,
2357 3017 2460 3084 uti
2505 3014 2747 3099 debet,
2800 3012 2977 3080 deli·-

733 3125 1052 3185 tescente.
1153 3117 1365 3202 Quod
1417 3120 1472 3185 si
1520 3117 1722 3186 huius
1770 3120 1926 3189 libri
1949 3119 2279 3210 scriptura
2317 3118 2409 3186 ad
2452 3117 2801 3186 familiaris
2835 3139 2975 3185 ser-

736 3219 954 3286 monis
1001 3220 1555 3288 consuetudinem
1596 3223 1802 3289 valde
1847 3233 1947 3291 est
1986 3222 2536 3307 accommodata,
2597 3223 2689 3289 ad
2736 3243 2973 3305 nume-

733 3345 847 3391 ros
899 3330 1125 3390 autem
1193 3325 1396 3390 etiam
1446 3324 1826 3412 aliquanto,
1908 3348 2115 3414 quam
2175 3326 2457 3419 vulgata
2474 3375 2493 3411 ,
2564 3325 2976 3416 elegantiort

734 3435 921 3496 recte
972 3425 1266 3495 dubitari
1312 3427 1599 3518 poterit,
1652 3450 1739 3495 an
1765 3429 1846 3496 sit
1874 3429 2346 3520 praeferenda.
2412 3429 2778 3518 Quumque
2801 3427 2980 3498 haec

737 3531 1066 3599 dubitatio
1119 3551 1204 3599 eo
1253 3530 1490 3600 redeat
1505 3578 1526 3614 ‚
1577 3541 1650 3599 ut
1701 3542 2088 3622 quaeratur,
2139 3543 2291 3602 utra
2329 3533 2536 3602 lectio
2578 3532 2846 3601 facilius
2885 3532 2973 3598 ab

733 3634 1204 3726 interpretibus
1266 3638 1351 3704 ac
1416 3634 1701 3704 librariis
1749 3637 2091 3728 proficisci
2135 3636 2464 3729 potuerit,
2526 3659 2665 3704 non
2725 3637 2976 3706 obscu-

734 3760 888 3805 rum
936 3761 1076 3807 esse
1111 3738 1437 3822 arbitror,
1516 3738 1572 3808 si
1635 3741 1803 3810 aliis
1853 3741 2178 3831 scriptum
2241 3741 2471 3809 fuisset
2537 3764 2579 3808 a
2627 3740 2976 3823 Terentio,

735 3860 875 3907 non
922 3862 1121 3932 posse
1167 3842 1488 3911 idoneam
1538 3865 1840 3912 caussam
1899 3845 2215 3934 inveniri,
2279 3867 2490 3933 quare
2540 3844 2721 3933 quis,
2785 3841 2977 3933 quod

736 3951 978 4033 sponte
1017 3943 1549 4037 intelligebatur,
1604 3948 1806 4015 etiam
1855 3948 2250 4017 Terentium
2299 3948 2408 4015 his
2458 3948 2601 4015 aliis
2655 3969 2975 4037 compre-

733 4044 946 4113 hendi
996 4046 1428 4117 adnotaverit.
1531 4053 1628 4119 At
1670 4053 1727 4119 si
1768 4051 1890 4121 ille
1929 4051 2096 4120 huic
2139 4053 2499 4143 scripserat
2514 4099 2537 4136 ,
2615 4062 2684 4118 et
2746 4061 2975 4118 tamen

733 4149 804 4217 in
854 4150 1278 4236 sequentibus
1340 4174 1477 4220 non
1541 4152 1632 4222 de
1697 4154 1840 4225 hoc
1877 4156 2074 4241 solo,
2137 4154 2262 4223 sed
2326 4155 2418 4221 de
2471 4154 2633 4222 ‘aliis
2700 4176 2975 4243 quoque

731 4252 953 4345 poetis
1003 4252 1311 4322 omnibus
1359 4255 1787 4345 loquebatur,
1836 4268 2022 4330 recte
2071 4260 2295 4351 potuit
2344 4260 2713 4343 observari,
2763 4279 2976 4347 quum

735 4357 901 4427 huic
930 4354 1222 4441 diceret,
1274 4360 1545 4428 omnino
1597 4385 1755 4431 eum
1803 4363 2189 4457 intelligere
2234 4371 2476 4457 poetas
2526 4361 2717 4449 alios,
2769 4383 2973 4452 quam

733 4461 1036 4549 quiiam
1082 4461 1564 4554 personisvillis
1610 4465 1715 4535 usi
1761 4465 2055 4538 fuissent.
