3325 5317
900 499 1384 562 THESAVRI
1442 499 2102 565 STEPHANIAM.
2491 503 2620 567 245

380 675 647 765 ,,βαῖος
673 673 943 764 reponit
982 670 1025 745 ο“
1054 677 1413 766 Σαβαῖος,
1467 673 1588 742 sed
1616 672 1951 743 Meursius
1980 675 2343 764 (probante
2373 674 2618 742 Butle-

383 775 536 862 „ro'
566 774 656 842 ad
683 775 1009 865 Aeschyli
1037 776 1319 868 Fragm.
1362 777 1451 844 T.
1498 777 1630 849 viii.
1691 800 1763 868 p.
1795 773 1966 854 250.
2019 778 2137 866 qui
2172 800 2346 866 quae
2375 778 2621 845 fuerint
2754 791 2757 800 “

379 877 599 968 „ipsa
637 880 845 948 verba
895 877 1258 969 Aeschyli,
1342 878 1623 948 definire
1665 901 1805 948 non
1843 879 2050 948 audet
2063 882 2119 972 ,J
2183 880 2358 972 legit
2409 877 2449 952 ὁ
2503 878 2622 951 καὶ

379 974 757 1073 ,,Βᾶκχος,
831 982 1040 1071 idque
1102 981 1376 1051 omnino
1418 994 1623 1054 recte.
1725 982 2042 1052 Macrob.
2095 983 2272 1051 enim
2327 991 2620 1069 testatur,

378 1083 860 1174 „Aeschylum
899 1086 969 1153 in
1014 1086 1140 1153 illo
1185 1108 1382 1154 versu
1426 1085 1517 1154 ad
1565 1081 1852 1154 eandem
1895 1109 2054 1155 cum
2098 1086 2430 1177 Euripide
2468 1107 2622 1153 sen-
2670 1131 2673 1134 π

382 1187 716 1275 „tentiam
765 1188 1006 1258 dixisse
1033 1187 1429 1281 Apollinem
1459 1189 1925 1278 Liberumque
1951 1212 2158 1257 unum
2199 1189 2624 1277 eundemque

378 1288 664 1379 „Deum
706 1313 872 1364 esse.
976 1293 1074 1362 At
1119 1292 1242 1359 nisi
1286 1313 1441 1361 cum
1469 1292 1774 1360 Mem-sio
1814 1293 2029 1384 legam,
2084 1289 2127 1365 o‘
2161 1292 2282 1363 καὶ
2312 1285 2622 1380 Βάκχος,

378 1391 609 1483 „nihil
637 1393 733 1461 ibi
779 1404 878 1463 est
895 1442 916 1479 ‚
969 1416 1052 1462 ex
1093 1417 1231 1484 quo
1277 1393 1626 1465 Macrobii
1669 1419 1858 1465 mens
1893 1397 2037 1464 erui
2066 1396 2296 1487 possit.
2398 1396 2622 1462 Nemo

381 1546 426 1586 „
442 1496 619 1564 enim
663 1496 905 1565 dixerit
920 1545 941 1582 ,
989 1497 1307 1570 Macrob.
1360 1498 1497 1568 hac
1546 1522 1682 1567 una
1733 1498 1827 1567 de
1875 1522 2077 1569 causa
2127 1520 2392 1568 versum
2412 1514 2420 1526 ⁴
2441 1505 2624 1566 attu-

381 1646 427 1685 „
442 1599 593 1666 lisse
614 1646 636 1685 ,
727 1599 917 1689 quod
979 1600 1362 1690 Aeschylus
1425 1602 1822 1693 Apollinem
1886 1602 2172 1676 Κισσεά
2236 1600 2620 1692 appellarit,

380 1723 580 1792 „quo
625 1703 936 1793 epitheto
972 1704 1293 1776 Bacchus
1338 1704 1501 1772 alibi
1541 1714 1832 1773 ornatur.
1936 1704 2127 1774 Suid.
2170 1697 2487 1782 Κισσεύς
2506 1727 2522 1743 ·
2579 1700 2623 1776 ὁ

382 1799 871 1889 ,,Διο’νυσος.“
1001 1807 1290 1877 Addunt
1328 1806 1578 1877 deinde
1628 1809 1801 1896 alia,
1890 1830 2066 1897 quae
2121 1805 2211 1875 ad
2265 1805 2624 1874 Bacchum
2747 1860 2755 1867 .

380 1909 668 1983 Κισσέα
718 1910 1114 2000 pertineant.
1217 1909 1310 1980 At
1348 1912 1576 2001 primo
1608 1912 1969 1998 vellemuS,
2024 1933 2198 2000 quae
2226 1909 2509 1978 Meursii
2557 1919 2626 1977 et

381 2012 645 2079 Butleri
696 2012 903 2103 culpa
955 2023 1090 2098 est,
1167 2034 1306 2081 non
1362 2014 1564 2081 etiam
1604 2014 1675 2082 in
1722 2038 1794 2083 se
1841 2014 2257 2082 admisissent
2307 2012 2624 2081 Editores

379 2115 947 2206 praestantissimi.
1048 2116 1228 2184 Nam
1256 2113 1504 2183 illud‘
1460 2144 1499 2188 ο
1532 2116 1650 2188 καὶ
1683 2111 1992 2207 Βάκχος,
2045 2115 2430 2203 scholiasta,
2485 2137 2626 2182 non

378 2226 593 2310 poeta
623 2216 906 2309 dignum
934 2224 1070 2306 est,
1120 2238 1249 2287 nec
1291 2218 1440 2287 fieri
1471 2219 1618 2287 ullo
1661 2220 1876 2287 modo
1914 2220 2174 2309 potuit,
2224 2228 2301 2286 ut
2345 2218 2439 2285 ita
2477 2219 2622 2286 Ae-

381 2320 655 2409 schylus
710 2320 1050 2389 scriberet.
1169 2319 1434 2390 Deinde
1489 2344 1654 2392 vero
1672 2370 1693 2407 ‚
1783 2322 1908 2391 etsi
1957 2314 2325 2416 Σαβάζιος
2372 2320 2623 2411 potiu5‚

381 2445 590 2513 quam
635 2427 965 2516 Σαβαῖος
1018 2422 1161 2493 (1ίεί
1206 2426 1380 2514 solet
1422 2425 1742 2496 Bacchus
1761 2474 1784 2511 ‚
1856 2436 2086 2493 tamen
2137 2424 2250 2493 vix
2310 2433 2624 2514 putamus

349 2525 829 2595 ‘dubitandum
872 2550 1014 2595 esse
1029 2575 1049 2611 ,
1114 2527 1277 2616 quin
1319 2528 1682 2619 probanda
1724 2530 1809 2596 sit
1844 2528 2147 2596 Barnesii
2204 2528 2625 2596 coniectura:

380 2628 473 2698 ad
522 2651 729 2718 quam
768 2629 1196 2700 refutandam
1244 2630 1434 2719 quod
1482 2630 1775 2699 afferunt
1817 2631 2133 2699 Editores
2147 2678 2202 2715 ,
2216 2630 2625 2699 confirman-

381 2734 515 2804 dae
539 2733 845 2801 inservit.
945 2734 1218 2803 Etenim
1262 2735 1319 2801 si
1366 2739 1698 2827 Σαβαῖος
1733 2735 2040 2825 Bacchi,
2105 2755 2244 2802 non
2288 2732 2625 2853 Appllinis

379 2857 768 2929 cognomen
809 2845 967 2922 est,
955 2839 1154 2925 quis
1192 2860 1332 2905 non
1370 2837 1591 2923 videt,
1671 2838 1956 2959 perinde
1997 2862 2172 2923 esse,
2237 2844 2466 2905 ιιιιιιιιι
2504 2837 2626 2904 ἰΙΙε

241 2992 247 2999 ·
380 2946 750 3035 Σαβαῖος,
804 2963 891 3007 an
929 2935 1220 3031 Βάκχος
1251 2940 1558 3010 dicatur?
1617 2951 1696 3009 ut
1737 2942 2011 3010 minime
2041 2941 2487 3011 necessarium
2522 2939 2625 3025 sit,

379 3044 600 3134 ipsum
625 3043 743 3113 hic
766 3043 1015 3111 nomen
1040 3037 1332 3135 Βακχος
1358 3044 1520 3135 legi.
1624 3044 1982 3134 Denique
1963 3067 2033 3112 ιιι
2065 3066 2151 3113 eo
2194 3066 2468 3133 quoque
2511 3066 2627 3111 re-

380 3170 693 3239 pugnare
727 3148 856 3216 sibi
883 3146 1229 3233 videntur,
1279 3147 1469 3237 quod
1503 3168 1753 3216 nomen
1786 3144 2103 3229 Κισσευς
2147 3150 2301 3215 satis
2341 3170 2482 3216 esse
2535 3144 2626 3214 ad

380 3251 739 3321 Bacchum
768 3249 1283 3342 significandum
1312 3260 1582 3344 negant.
1687 3252 1848 3323 Hoc
1878 3252 2056 3320 enim
2085 3251 2140 3319 si
2167 3251 2626 3319 demonstrare

379 3355 737 3440 volebant,
787 3354 989 3422 etiam
1021 3355 1187 3423 alios
1219 3354 1385 3423 deos
1416 3358 1544 3423 isto
1579 3356 1989 3447 cognomine
2022 3350 2356 3446 appellari
2400 3363 2626 3421 osten-.-

381 3458 686 3526 den'dum
716 3468 889 3525 erat:
938 3480 1117 3527 nunc
1148 3482 1347 3544 vero,
1399 3483 1609 3548 quum
1634 3459 1902 3530 Bacchi
1941 3482 2083 3527 esse
2126 3481 2275 3527 eam
2310 3455 2627 3548 appella-

270 3566 279 3578 “
379 3563 634 3630 ιίοιιειιι
665 3561 988 3650 doceant,
1040 3561 1207 3651 quid
1255 3557 1478 3646 aliud,
1531 3587 1738 3651 quam
1777 3563 1849 3629 id
1880 3563 2139 3654 ipsum,
2191 3559 2380 3648 quod
2407 3580 2624 3649 nega-

379 3666 600 3750 bant,
633 3664 969 3748 efficiunt,
1019 3687 1158 3732 non
1198 3686 1399 3756 posse
1441 3667 1680 3749 alium,
1737 3688 1942 3754 quam
1982 3662 2374 3745 Bacchum,
2421 3661 2625 3728 intel-

377 3768 553 3860 ligi?
600 3765 1123 3836 Valckenarius
1104 3792 1174 3835 m
1202 3769 1516 3858 exemplo
1551 3767 1880 3856 Hesychii
1898 3765 2382 3851 Schreveliani‚
2433 3764 2626 3854 quod

380 3873 753 3941 Tittmanni
795 3880 931 3956 est,
981 3872 1312 3961 Aeschyli
1353 3871 1526 3939 illud
1573 3869 1615 3942 ό
1650 3874 1988 3963 Καβαῖος
2029 3869 2121 3938 ad
2159 3890 2403 3938 vocem
2445 3859 2624 3943 Κα-

381 3967 651 4086 βάρνοι
703 3967 1087 4067 adscripsit:
1152 3998 1359 4064 quam
1417 3976 1868 4066 suspicionem
1911 3996 2051 4041 non
2112 3981 2426 4064 putamus
2478 3974 2628 4042 cui-

382 4102 592 4168 quam
617 4078 1025 4170 probatum
1008 4079 1106 4149 1ri.
1210 4078 1572 4147 Caeterum
1615 4079 1734 4146 ubi
1771 4078 2036 4146 Butleri
2078 4077 2488 4146 mentionem
2517 4077 2627 4142 fa-

385 4183 571 4251 ciunt
626 4182 972 4267 Editores,
1054 4204 1192 4249 non
1226 4180 1569 4249 debebant
1623 4177 1800 4249 illud
1856 4180 2150 4250 addere:
2230 4181 2412 4271 „qui
2455 4202 2628 4269 quae

382 4286 629 4354 fuerint
668 4286 822 4377 ipsa
862 4286 1072 4353 verba
1128 4283 1492 4373 Aeschyli,
1564 4283 1846 4353 definire
1894 4307 2031 4352 non
2079 4271 2352 4354 andet.“
2452 4284 2630 4351 Nam

179 4381 183 4386 ’
265 4469 269 4474 ,
385 4412 563 4479 quae
589 4390 737 4477 quis
764 4411 958 4457 sensu
986 4393 1170 4457 cassa
1200 4388 1465 4473 scribit,
1519 4409 1639 4456 cur
1683 4412 1933 4476 quaeso
1975 4385 2406 4480 repetantur?
2471 4385 2629 4475 Ipsa

387 4495 597 4564 verba
633 4492 959 4584 Aeschyli
987 4501 1168 4579 sunt,
1221 4514 1397 4582 quae
1442 4492 1838 4565 Macrobius
1875 4493 2122 4587 posuit.
2223 4487 2407 4560 Illud
2435 4488 2708 4557 vole-21
