3325 5317
704 473 792 535 42
859 470 977 529 DE
1032 467 1443 531 LEGIBvs
1503 468 2057 544 Qv1ssvsDAM
2118 433 2867 534 svss‘rlmonmvs

701 642 797 714 cis
868 641 1230 733 corruptis:
1308 643 1518 711 veluti
1580 641 1663 711 Il:
1747 670 1810 717 ν.
1883 642 2056 717 ΊΟἹ.
2140 644 2434 733 Reliqua
2511 644 2721 736 igitur
2792 658 2943 714 sunt

700 746 1136 838 praeteritum
1222 756 1290 814 et
1365 745 1705 839 praesens.
1826 748 2206 837 Vtrumque
2267 769 2571 817 seorsum
2620 750 2939 819 conside-

701 872 958 920 remus..
1887 907 1896 930 χ
2889 877 2894 880 ·

908 953 1016 1021 Ac
1081 952 1424 1043 praeteriti
1486 951 1849 1023 indicativo
1905 956 2204 1046 primum
2270 956 2343 1023 in
2398 979 2476 1023 re
2545 977 2705 1022 vere
2760 955 2943 1024 facta

702 1056 1079 1126 necessario
1122 1056 1451 1123 utendum
1508 1079 1686 1141 esse,
1751 1081 1956 1126 nemo
2000 1081 2140 1126 non
2196 1058 2401 1126 videt.
2518 1058 2637 1130 Sic
2679 1056 2818 1127 od.
2874 1078 2946 1130 υ·

700 1157 824 1227 66.
880 1186 970 1240 ως
1015 1154 1084 1231 6'
1128 1157 1256 1233 ὅτε
1304 1162 1746 1255 Πανδαρέου
1789 1155 2055 1258 κούρας
2082 1158 2429 1235 ἀνέλοντο
2472 1154 2822 1249 θύελλαι,
2875 1170 2945 1230 et

685 1246 889 1353 Quae
930 1263 1146 1330 multa
1200 1262 1299 1330 ibi
1354 1262 1446 1331 de
1502 1262 1613 1331 his
1671 1274 2040 1333 narrantur
2172 1264 2442 1333 Deinde
2512 1287 2703 1334 vero
2734 1264 2944 1333 alium

698 1389 896 1437 usum
939 1365 1060 1435 hic
1096 1366 1490 1437 indicativus
1532 1366 1785 1453 habet,
1839 1369 1957 1458 qui
1996 1367 2148 1436 talis
2186 1376 2318 1455 est,
2369 1377 2446 1435 ut
2487 1369 2770 1460 regulae
2823 1393 2942 1438 su-

696 1493 826 1562 pra
862 1470 1124 1561 positae
1170 1492 1559 1562 repugnare
1597 1470 1936 1541 videatur:
1985 1483 2346 1563 usurpatur
2385 1473 2565 1540 enim
2606 1473 2806 1540 etiam
2850 1471 2943 1540 de

697 1575 837 1660 his,
891 1593 1081 1664 'quae
1117 1595 1254 1641 non
1293 1597 1530 1643 revera
1570 1597 1717 1646 esse
1735 1627 1756 1664 ‚
1779 1618 1784 1624 ι
1807 1576 1928 1645 sed
1980 1575 2343 1664 aliquando
2378 1576 2644 1645 evenire
2684 1576 2941 1643 intelli-

696 1689 965 1771 guntur.
1071 1679 1230 1746 Non
1280 1688 1622 1770 repugnat
1669 1699 1852 1747 vero.
1969 1681 2149 1747 Nam
2203 1679 2345 1748 hoc
2387 1681 2610 1770 ipsum
2650 1680 2943 1749 maxime

600 1836 609 1839 ,
647 1782 1063 1874 5proprium
1090 1790 1189 1848 est
1215 1782 1529 1851 orationis
1556 1785 1905 1884 poeticae,
1956 1795 2034 1850 ut
2068 1792 2260 1854 -oerta
2290 1806 2420 1876 pro
2450 1784 2716 1853 incertis
2744 1803 2946 1854 com-⁴
3032 1874 3038 1881 .

633 1935 639 1944 -
696 1892 1065 1968 memoret,
1131 1908 1443 1984 quaeque
1491 1887 1606 1954 vel
1650 1896 1931 1978 possunt
1976 1887 2125 1955 fieri
2168 1888 2281 1956 vel
2327 1888 2579 1973 solent,
2645 1896 2724 1956 ut
2779 1908 2940 1955 vere

695 1990 886 2060 facta
928 1988 1181 2070 referat
1196 2038 1217 2074 ‚
1271 2011 1494 2078 eoque
1532 2014 1681 2058 rem
1696 2043 1717 2079 ‚
1776 2013 1861 2060 ex
1908 1991 2175 2083 generis
2218 1991 2541 2060 infinitate
2594 1991 2664 2058 in
2706 1991 2943 2082 singu-—

696 2094 855 2160 laris
891 2090 1058 2160 facti
1094 2102 1314 2164 arctos
1351 2093 1521 2162 fines
1557 2102 1971 2164 contractam
1985 2143 2006 2180 ‚
2055 2103 2245 2165 certo
2289 2095 2359 2162 in
2407 2094 2736 2187 exemplo
2769 2116 2943 2163 con-

570 2190 575 2194 ’
694 2195 1162 2286 templandam
1210 2196 1549 2266 exhibeat.
1650 2199 1777 2267 Est
1826 2207 2052 2266 autem
2092 2198 2272 2268 haec
2322 2199 2495 2266 ratio
2512 2247 2534 2284 ‚
2597 2206 2673 2265 ut
2724 2197 2940 2265 modo

692 2300 1162 2384 indicavimus,
1216 2301 1510 2394 duplex:
1560 2325 1722 2370 nam
1765 2311 1883 2370 aut
1926 2326 2008 2370 ea
2021 2350 2042 2387 ‚
2093 2324 2271 2392 quae
2307 2293 2527 2371 solent
2566 2301 2716 2370 fieri
2744 2322 2942 2371 com-

697 2404 1061 2496 plectitur:
1142 2406 1328 2474 unde
1378 2406 1446 2472 in
1500 2404 1608 2473 his
1657 2406 1829 2477 locis
1875 2406 2195 2495 frequens
2233 2415 2334 2475 est
2381 2407 2749 2498 praesentis
2808 2403 2939 2473 ad·-

690 2509 960 2578 mixtio.
987 2508 1206 2577 Iliad.
1257 2537 1312 2582 ε.
1356 2507 1529 2577 962.
1582 2535 1673 2590 ως
1717 2507 1790 2584 δ’
1846 2506 1965 2584 ὅτ’
2011 2503 2190 2606 ὁπός
2228 2504 2415 2603 γάλα
2444 2503 2700 2583 λευκόν
2730 2513 2939 2582 ἐπει-

692 2606 1000 2706 γόμενος
1047 2615 1470 2738 συνέπηξεν,
1523 2606 1751 2706 υγρόν
1788 2607 1954 2701 ἑόν,
1979 2600 2210 2705 μάλα
2250 2609 2323 2685 6'
2363 2640 2511 2684 ωκα
2545 2612 2938 2709 περιστρέ-

695 2741 920 2808 φεται
964 2708 1363 2787 κυκόωντι.
1427 2724 1542 2781 aut
1590 2715 1683 2783 de
1729 2738 1806 2783 re
1861 2724 1992 2801 est,
2058 2729 2236 2804 quae
2287 2716 2656 2804 aliquando
2699 2716 2943 2800 fit‚ut

692 2815 1050 2908 11.y.33.
1123 2843 1214 2896 ως
1259 2813 1332 2888 6'
1389 2814 1518 2889 ὅτε
1563 2816 1674 2897 τίς
1720 2844 1804 2890 τε
1851 2811 2214 2912 ὃρακόντα
2268 2811 2441 2891 ἰδών
2503 2818 2940 2914 παλίνορσος

693 2916 968 3016 ἀπέστη
1021 2917 1274 3041 οὔρεος
1325 2924 1404 2993 ἐν
1452 2912 1762 3015 βήσσῃς,
1815 2915 1961 2993 ‘mro'
2007 2948 2091 2993 τε
2124 2915 2402 3017 τρόμος
2436 2923 2694 3015 ἔλλαβε
2745 2926 2940 3013 γυῖα,

691 3020 805 3115 ἄψ
844 3018 906 3094 τ’
935 3015 1418 3119 ἀνεχώρησεν,
1474 3018 1702 3117 ωχρός
1750 3025 1840 3097 τέ
1885 3050 2040 3116 μιν.
2072 3023 2218 3099 εἷλε
2263 3020 2587 3122 παρειάς.
2694 3017 2939 3109 Quon-

684 3126 827 3193 iam
879 3133 1106 3193 autem
1157 3128 1362 3196 etiam
1412 3128 1484 3194 in
1534 3127 1655 3193 tali
1705 3126 1889 3197 facto
1930 3138 2092 3195 sunt
2105 3176 2126 3213 ‚
2198 3152 2376 3217 quae
2423 3137 2496 3196 ut
2540 3127 2738 3196 solita
2768 3149 2941 3196 con-

693 3239 1088 3317 sequantur,
1139 3228 1248 3298 his
1300 3253 1577 3320 quoque
1616 3253 1822 3322 saepe
1849 3230 2254 3301 admiscetur
2279 3255 2617 3324 praesens,
2669 3236 2733 3305 λ.
2759 3226 2937 3299 558.

693 3359 785 3412 ως
847 3328 922 3404 6'
990 3328 1114 3405 ὅτ’
1178 3332 1346 3414 ὄνος
1411 3329 1593 3455 παρ’
1619 3332 1978 3464 ἄρουραν
2029 3329 2157 3408 ἴων
2222 3329 2605 3459 ἐβιήσατο
2641 3338 2932 3423 παῖδας,

691 3428 970 3531 νωθής,
1026 3432 1085 3532 ᾧ
1119 3427 1209 3532 δή
1257 3430 1491 3509 πολλα
1539 3433 1711 3534 πέρι
1773 3432 2037 3534 ρόπαλ’
2091 3433 2316 3533 ἀμφὶς
2332 3433 2560 3561 ἑαγη·
2611 3437 2835 3533 κείρει
2869 3433 2934 3511 τ’

692 3533 1029 3619 εἰςελθων.
1077 3533 1286 3632 βαθυ
1335 3533 1572 3635 λη’·ιον·
1628 3545 1703 3612 οἱ
1754 3542 1839 3613 δέ
1873 3568 1958 3614 τε
1982 3544 2229 3621 παῖδες
2258 3535 2658 3615 τύπτουσιν
2688 3535 2934 3639 ροποῖ-

691 3646 912 3715 λοισι·
962 3641 1084 3741 βίη
1115 3644 1199 3717 δέ
1218 3670 1303 3715 τε
1339 3641 1550 3739 νηπίη
1583 3639 1864 3717 αὐτων·
1919 3646 2198 3740 σπουδῇ
2221 3640 2285 3716 τ’
2315 3639 2731 3742 ἐξήλασσαν,
2778 3644 2938 3717 ἕποι’

689 3741 767 3817 τ’
821 3727 1257 3839 ἐκορέσσατο
1312 3745 1610 3841 φορβῆς.

899 3849 1119 3917 Venio
1152 3850 1243 3917 ad
1278 3849 1648 3942 praesentis
1678 3847 2115 3942 indicativum
2128 3896 2150 3934 ,
2202 3871 2408 3938 quem
2440 3870 2649 3937 quum
2667 3848 2938 3919 Thier-

690 3951 915 4019 schius
930 3999 951 4036 ‚
1017 3953 1137 4020 ubi
1188 3975 1366 4023 cum
1396 3934 1744 4045 particulis
1804 3978 1894 4033 ως
1963 3950 2091 4025 ὅτε
2141 3953 2532 4023 coniunctus
2583 3954 2935 4040 invenitur,

693 4055 1119 4126 coniunctivo
1148 4056 1397 4126 cedere
1424 4058 1615 4127 iubet
1629 4105 1652 4144 ‚
1704 4078 1945 4124 vereor
1970 4063 2046 4124 ut
2071 4056 2271 4125 huius
2311 4057 2412 4126 rei
2450 4058 2777 4128 rationem
2813 4080 2934 4126 ex÷

690 4159 1033 4250 ploratam
1075 4159 1412 4229 habuerit.
1512 4161 1815 4230 Tantum
1864 4161 2056 4229 abest
2107 4161 2282 4230 enim
2298 4211 2318 4247 ‚
2370 4171 2445 4230 ut
2476 4162 2933 4235 coniunctivus

694 4285 779 4332 ex
810 4263 1146 4354 particula
1171 4262 1299 4338 ὅτε
1329 4264 1630 4356 pendeat
1648 4314 1671 4350 ‚
1720 4273 1798 4334 ut
1846 4266 2074 4357 potius
2125 4290 2209 4335 ex
2256 4267 2405 4360 ipsa
2454 4290 2529 4336 re
2580 4275 2650 4334 et
2698 4275 2934 4335 natura

693 4367 1216 4457 comparationis
1262 4368 1698 4461 explicandus
1750 4368 1852 4438 sit.
1956 4369 2145 4454 Quid
2195 4372 2373 4439 enim
2389 4370 2426 4438 ἓ
2504 4369 2707 4439 Vnde
2778 4393 2935 4440 eum

699 4471 1002 4564 pendere
1037 4472 1340 4544 dicemus
1354 4522 1376 4562 ,
1443 4471 1595 4560 ubi,
1657 4472 1848 4563 quod
1913 4473 2295 4566 saepissime
2336 4474 2445 4561 fit,
2513 4474 2658 4542 sola
2717 4475 2936 4566 patti-
