3325 5317
1151 470 1805 577 ιιιεεΕιιΤΑΤιό.
2468 521 2597 585 17⁰

345 683 733 757 diffluerent
747 712 751 717 ’
767 707 1017 777 aquae3
1083 693 1154 755 et
1208 696 1462 779 aequus
1478 736 1501 775 ,
1564 689 1728 778 quia
1764 675 2201 780 tranquillum
2246 698 2347 758 est
2383 689 2593 763 imum

333 806 550 860 mare.
669 791 1023 859 Proximus
1079 790 1169 859 ab
1219 789 1361 862 hoc
1413 800 1606 860 natus
1656 786 1964 885 Θαύμας
1981 843 2000 871 ,
2066 791 2388 879 Min-inus,
2453 818 2591 885 quo

337 901 742 986 prospectus
783 895 1203 987 significatur
1256 904 1327 964 et
1369 916 1501 987 per
1542 918 1616 963 se
1656 895 2072 964 admirabilis
2121 906 2410 989 propter
2450 908 2593 969 tam

336 998 476 1066 late
519 1006 760 1090 patens
801 999 1004 1067 maris
1047 1019 1349 1089 aequor,
1402 1007 1473 1067 et
1498 999 1715 1090 magis
1740 998 2028 1092 propter
2049 999 2231 1086 illas
2260 1022 2436 1090 quae
2468 1025 2593 1071 na-

329 1110 615 1171 scantur
652 1103 725 1170 in
761 1122 867 1170 eo.
969 1101 1158 1172 Tum
1202 1094 1528 1198 Φόρκυς,
1581 1102 1882 1189 Furem,
1942 1124 2081 1191 quo
2125 1106 2594 1195 promontoria

334 1213 406 1273 et
457 1202 675 1295 quivis
720 1205 833 1274 alii
892 1227 935 1273 e
982 1205 1155 1274 mari
1206 1206 1539 1292 exstantes
1593 1208 1862 1296 scopuli
1920 1204 2317 1275 indicantur.
2418 1208 2593 1280 Inde

325 1306 756 1399 ‘Hesychiust
821 1301 1118 1405 πόρτιες,
1172 1301 1498 1406 χάρακες.
1606 1309 1882 1399 Aliique
1916 1309 2361 1380 Grammatici
2393 1305 2591 1435 φόρ-

329 1436 507 1485 svm
525 1459 561 1492 ,
615 1412 874 1504 λιμένα
912 1411 1449 1504 interpretantur.
1519 1410 1869 1505 ·Cognata
1899 1413 2173 1481 nomina
2198 1423 2350 1482 sunt
2393 1408 2593 1512 πόρ-

329 1538 485 1604 κος,
560 1508 826 1613 πόρκης
840 1567 868 1603 ,
922 1513 1178 1609 jin-ca.
1297 1514 1620 1605 Sequitur
1677 1509 1908 1615 Κητώ
1919 1569 1948 1606 ,
2013 1517 2256 1602 laeua,
2308 1516 2590 1587 affinem

325 1639 483 1687 cum
515 1618 736 1687 verbo
770 1612 1064 1691 κεῖσθαι
1094 1618 1427 1712 originem
1457 1611 1739 1705 habens,
1790 1641 1968 1709 quae
2001 1619 2272 1689 latentia
2305 1621 2429 1689 sub
2460 1642 2589 1688 un-

331 1712 435 1790 dis
485 1745 681 1806 saxa,
735 1721 1179 1812 occultosque
1233 1722 1556 1813 scopulos
1602 1723 1959 1816 siguificat.
2064 1723 2376 1814 Denique
2420 1720 2588 1796 Εὐ-

332 1824 591 1926 ρυβίηζ,
644 1824 1027 1916 Latipolla‚
1078 1848 1286 1918 quae
1305 1837 1405 1896 est
1443 1826 1791 1896 fluctuatio
1828 1827 2052 1901 maris.

478 2012 482 2017 ’
540 1996 884 2084 Quoniam
931 1994 1245 2069 Oceanus
1283 1998 1439 2067 fons
1479 2006 1582 2068 est
1627 1999 1929 2067 omnium
1978 2021 2304 2088 aquarum
2319 2047 2342 2085 ‚
2394 1997 2593 2068 huius

330 2098 623 2170 filiarum
671 2123 806 2169 una
852 2123 1023 2169 uxor
1064 2100 1226 2169 data
1271 2103 1518 2170 Nereo.
1622 2102 1767 2186 Ea,
1819 2112 2108 2193 propter
2155 2123 2323 2194 opes
2342 2150 2362 2189 ‚
2415 2125 2591 2192 quae

327 2224 459 2293 per
489 2227 683 2274 mare
723 2203 1130 2286 afferuntur,
1212 2202 1448 2300 Δωρίς
1464 2257 1494 2293 ,
1572 2202 1899 2291 Douom,
1968 2205 2152 2273 dicta
2169 2252 2192 2290 ,
2256 2205 2592 2294 quinqua·-

327 2306 525 2398 ginta
561 2307 745 2398 parit
774 2307 970 2381 filias.
1075 2304 1343 2377 Harum
1389 2306 1663 2376 nomina
1702 2316 2097 2399 praetereo,
2149 2307 2341 2399 quod
2380 2307 2590 2376 iuter-

325 2410 574 2500 polata
606 2418 705 2480 est
745 2411 872 2478 ista
919 2411 1334 2481 enumeratio
1379 2409 1569 2503 apud
1606 2410 2008 2481 Hesiodum.
2112 2413 2444 2501 Apertum
2492 2419 2591 2478 est

330 2522 560 2585 autem
574 2561 597 2600 ‚
647 2512 862 2583 undas
886 2512 1207 2608 intelligi,
1258 2514 1506 2605 quibus
1546 2537 1592 2581 a
1630 2537 1751 2617 sua
1797 2512 2041 2605 cuique
2079 2523 2418 2607 potestate
2457 2512 2591 2583 im·-

328 2616 557 2708 posita
603 2616 895 2697 nomina.
958 2674 963 2685 .

465 2771 997 2875 ‘Thaumanti,
1047 2787 1188 2859 ‘sive
1216 2786 1507 2879 Min-ino,
1560 2786 1696 2856 alia
1726 2786 2110 2858 consociata
2139 2786 2401 2860 Oceani
2424 2728 2589 2874 filia,

329 2876 754 2991 Ἧλέκὲρη,
773 2890 1115 2973 Coruscia.
1219 2890 1508 2985 Proprie
1548 2906 1797 2961 nomen
1830 2884 1971 2962 hoc
2007 2892 2589 2989 expergiscentem

329 3002 554 3083 notat,
602 3008 686 3065 ex
708 3020 847 3087 qua
882 2995 1148 3089 ‘origine
1178 3006 1330 3065 sunt
1360 2997 1562 3077 etiam
1594 2996 1910 3092 ἠλέκτωρ
1940 3002 2007 3063 et
2041 2992 2380 3092 α’λέκτωρ.
2442 2994 2588 3064 Sed

333 3101 652 3187 ‘quoniam
697 3109 1006 3171 coruscat
1042 3116 1230 3169 mare
1247 3149 1268 3185 ‚
1334 3109 1547 3190 quum
1590 3101 1890 3195 primum
1930 3099 2135 3188 quasi
2181 3098 2589 3199 expergiscit

332 3199 718 3273 imminente
768 3211 1169 3298 tempestate
1233 3202 1620 3289 fluctuatio,
1705 3202 2107 3295 coruscandi
2171 3202 2587 3296 significatus

333 3303 665 3381 adhaesit.
783 3306 1004 3375 Huius
1076 3306 1261 3376 filiae
1343 3317 1494 3378 sunt
1565 3300 1788 3400 Ιρις,
1870 3305 2124 3392 sertia,
2223 3304 2415 3396 quod
2502 3328 2586 3374 ex

334 3420 595 3500 septem
657 3412 999 3483 coloribus
1049 3404 1358 3483 conserta
1412 3419 1529 3479 est.
1646 3410 1809 3479 Huc
1866 3413 2202 3500 pertinent
2239 3407 2586 3499 Theogo-

333 3511 480 3583 niae
524 3537 753 3585 versus
798 3513 954 3583 78⁰
980 3555 1087 3567 —
1118 3513 1291 3583 782.
1345 3514 1569 3582 alieno
1611 3514 1770 3583 loco
1817 3514 2057 3604 positi,
2126 3532 2416 3601 quorum
2463 3509 2583 3580 hie

333 3635 553 3688 seusus
598 3628 698 3687 est
711 3666 734 3705 ,
810 3640 965 3687 raro
1012 3640 1246 3690 arcum
1298 3618 1655 3695 caelestem
1714 3616 2014 3707 conspici
2033 3663 2054 3699 ‚
2131 3620 2344 3703 quu'm
2400 3622 2582 3682 tem-

331 3730 554 3806 pestus
613 3730 730 3791 est.
850 3722 1069 3791 Porro
1120 3718 1520 3815 Αρπυῖαι,
1606 3719 1891 3808 napae,
1966 3738 2252 3807 quarum
2307 3718 2581 3785 nemim

331 3814 638 3900 Ἀελλώ
621 3860 643 3910 ,·
708 3824 963 3893 Voluta
981 3872 1004 3911 ,
1079 3834 1148 3893 et
1187 3819 1599 3922 Ὠκυπέτη,
1688 3821 2103 3893 Celerivola.
2187 3842 2366 3912 quae
2409 3821 2579 3959 quid

330 3921 485 4015 sint,
540 3929 850 3998 omnibus
892 3934 1202 4023 apertum
1248 3934 1365 3996 εει.

465 4095 876 4174 Phorcus
891 4110 1119 4171 autem
1163 4109 1232 4168 et
1273 4098 1448 4168 Ceto
1491 4114 1662 4187 quas
1703 4097 2079 4190 'genuerunt
2120 4095 2337 4182 filias,
2400 4100 2578 4205 quo-

331 4200 536 4272 inodo
580 4202 1120 4298 interpretandae
1161 4205 1329 4289 sint,
1388 4202 1609 4294 inagis
1647 4199 2070 4272 'reconditum
2103 4210 2219 4269 est.
2322 4198 2500 4269 Est
2497 4224 2578 4267 ea

333 4290 586 4398 duplex
619 4310 1018 4429 generatio..
1091 4306 1360 4379 Primae
1403 4316 1555 4379 sunt
1590 4307 1868 4402 Γραῖαι
1880 4358 1912 4395 ‚
1961 4288 2353 4374 Albuneae.
2402 4325 2578 4392 qua·-

331 4414 481 4477 tum
504 4424 756 4483 nomeu
782 4411 1063 4506 proprie
1091 4423 1292 4482 canas
1333 4410 1716 4503 significare
1729 4452 1752 4496 ,
1798 4408 2154 4501 vestigium
2188 4405 2526 4477 ostendit
2506 4428 2577 4475 m

339 4505 742 4587 Germanica
790 4518 1022 4610 lingua
1059 4525 1563 4602 conservatum,
1613 4532 1839 4608 grau.—
1944 4514 2286 4683 Effezsunt
2326 4507 2574 4595 undae,
