3325 5317
1184 439 1858 503 DISSERTATIO.
2559 444 2647 507 73

406 621 583 699 tant,
632 614 955 683 remotius
998 621 1134 700 est,
1184 613 1396 703 quam'
1430 614 1622 704 qnod
1670 611 1815 685 hnc
1852 612 2031 682 trahi
2071 634 2277 705 posse
2316 614 2644 689 videatur.

400 716 615 810 Apud
668 717 1002 788 Catonem
1056 717 1424 806 Taccolico
1465 719 1776 790 scribitur
1828 716 1896 785 in
1940 717 2337 809 fragmentis
2368 717 2644 788 histori-

401 820 657 893 corum.
759 821 1209 891 Phacelinmn
1247 843 1517 890 amnem
1541 815 1816 891 Siciliae
1832 868 1853 904 ,
1905 820 1997 889 de
2023 843 2162 910 quo
2195 820 2542 891 Cluverius
2574 823 2646 890 in

398 922 632 995 Sicilia
672 914 749 1017 p.
777 924 948 993 377.
990 923 1068 994 C.
1100 934 1183 992 et·
1202 924 1495 1017 interpp.
1543 925 1635 993 ad
1671 924 1946 994 Vibium
1985 947 2058 1016 p.
2102 923 2275 993 17⁰.
2322 948 2457 993 una
2483 947 2642 994 cum

393 1028 616 1097 Diana
641 1028 965 1097 Facelina
1006 1027 1149 1097 hnc
1192 1028 1583 1096 translatum
1623 1028 2012 1120 suspiceris:
2058 1027 2215 1096 vide
2250 1026 2643 1098 Cluverium

396 1154 469 1222 p.
511 1126 685 1198 375.
716 1155 767 1199 s.
812 1130 997 1200 Vere
1040 1131 1472 1223 Lampridius
1529 1153 1603 1221 p.
1635 1130 1810 1200 103.
1851 1130 1938 1199 D.
1987 1136 2056 1199 et
2103 1129 2427 1201 Orestem
2483 1132 2640 1224 qui-

397 1235 567 1302 dem
601 1233 865 1328 ferunt
905 1256 1046 1303 non
1090 1232 1305 1302 unum
1344 1234 1811 1304 simulacrum
1839 1233 2168 1320 Dianae,
2214 1256 2348 1304 nec
2392 1257 2531 1304 ano
2561 1236 2641 1311 in

394 1338 549 1409 loco
562 1337 887 1430 posuisse
902 1386 923 1424 ,
973 1337 1106 1407 sed
1143 1338 1373 1408 malta
1401 1338 1475 1406 in
1507 1338 1794 1414 multis„
1819 1336 2302 1429 Posteaquam
2327 1359 2407 1407 se
2434 1338 2640 1431 apud

408 1440 585 1509 Tria
615 1438 939 1536 flumina
979 1440 1152 1531 (loci
1197 1440 1273 1509 id
1313 1463 1563 1510 nomen
1606 1463 1754 1510 esse
1791 1440 2049 1509 iudicat
2086 1439 2522 1512 casaubonus
2563 1464 2634 1533 p.

397 1541 572 1612 147.
603 1568 663 1612 a.
695 1543 811 1635 C.)
824 1581 830 1585 -
845 1542 1045 1613 circa
1073 1542 1401 1620 Hebrum
1430 1566 1523 1613 ex
1559 1553 1896 1636 responso
1924 1541 2368 1639 purificavit,
2419 1545 2639 1614 etiam

407 1646 744 1719 Orestam
776 1647 1094 1718 condidit
1131 1648 1508 1717 civitatem.
1609 1646 1943 1717 Videmus
1966 1645 2084 1717 hic
2125 1647 2436 1717 eamdem
2467 1671 2637 1734 rem,

391 1773 571 1840 quae
599 1752 686 1819 ab
736 1750 882 1819 aliis
919 1751 991 1818 in
1028 1750 1227 1820 ltalia
1265 1752 1550 1821 locatur.
1651 1750 1783 1819 His
1818 1750 2038 1836 adde,
2087 1774 2265 1840 qnae
2302 1750 2637 1820 Marafio-

392 1863 500 1924 tus
541 1855 610 1923 in
653 1847 832 1922 libro
863 1854 1122 1924 Patavii
1169 1877 1230 1927 a.
1265 1853 1488 1923 16⁰1.
1542 1852 1726 1922 edito
1740 1902 1761 1940 ,
1821 1854 1933 1924 cni
1978 1853 2207 1923 titulus
2250 1863 2349 1924 est
2384 1854 2638 1925 Croni-

394 1956 531 2027 che
585 1964 657 2026 et
680 1981 683 1986 ·
703 1957 1052 2030 anticbita
1094 1957 1176 2028 di
1228 1956 1617 2044 Calabria,
1670 1957 1795 2026 fol.
1827 1955 1951 2026 37.
1994 1958 2060 2025 b.
2101 1958 2192 2027 de
2230 1957 2637 2050 Proserpina
2719 1942 2736 1956 ⁸

390 2060 653 2131 scribit:
723 2059 803 2130 la
851 2062 966 2131 cai
1032 2060 1333 2131 historia
1387 2061 1532 2132 cosi
1575 2060 1778 2131 viene
1820 2067 2166 2129 racconta
2221 2060 2329 2132 da
2370 2060 2637 2131 Proclo

332 2205 341 2208 -
387 2160 554 2233 nell’
596 2162 932 2257 Epitmne
976 2163 1073 2235 de
1113 2165 1460 2252 oraculis,
1527 2161 1801 2235 mentre
1837 2165 2220 2270 raggiona
2261 2165 2470 2258 degli
2502 2164 2637 2234 atti

390 2264 763 2364 d’Oreste.
866 2268 1153 2339 Porro
1202 2276 1413 2338 tunc
1459 2257 2054 2361 Hipponium‘
2090 2265 2396 2362 arbem
2452 2266 2637 2338 Ca·-

391 2370 582 2441 lais
663 2372 863 2441 vita
916 2368 1237 2467 sancti
1315 2372 2118 2465 Hermippi·uxor
2198 2369 2656 2464 regebat,-

392 2474 647 2544 cuias
674 2474 920 2569 filia
968 2473 1546 2569 Proserpina
1580 2495 1754 2568 per
1808 2472 2315 2545 Vibonense
2366 2474 2639 2544 littus

393 2599 621 2647 cnm·
680 2586 1248 2673 vagaretur,
1348 2577 1780 2648 Platonis
1881 2576 2178 2648 Siculi
2248 2578 2638 2670 piratae

388 2682 812 2752 incursas
868 2704 1040 2750 non
1072 2681 1406 2768 evasit,
1456 2704 1632 2775 qua
1683 2703 1879 2751 cum
1917 2680 2410 2774 plerisque
2460 2703 2636 2749 mu-

391 2782 797 2856 lieribus
840 2791 1159 2878 rapta,
1220 2792 1312 2853 ut
1361 2785 1694 2855 matris
1745 2785 2018 2854 dolor
2068 2784 2660 2877 quiesceret„
2757 2826 2782 2842 .

387 2894 839 2981 tanquam
911 2889 1000 2959 in
1078 2886 1335 2959 Deae
1414 2888 1700 2959 sortis
1780 2895 2223 2957 mutatam
2307 2910 2634 2959 suase-

389 2999 607 3060 runt
689 2990 1337 3085 hipponenses,
1440 2993 1702 3084 eique
1795 2991 2231 3108 templum
2312 3014 2633 3061 erexe-

389 3101 650 3173 rant3
737 3095 1264 3189 didicitque
1344 3093 1475 3165 ibi
1546 3092 1927 3165 Orestes
2006 3096 2636 3189 deponendum

388 3196 801 3296 furorem
848 3200 925 3269 si
968 3205 1184 3294 post
1251 3197 1819 3269 ablutionem
1867 3197 2221 3291 Rhegii
2268 3198 2678 3270 Dianae‘

392 3300 930 3373 Fascelidis
1052 3302 1656 3373 simulacrum
1785 3303 2260 3395 erigeret,
2394 3302 2636 3396 qaod

394 3426 671 3496 opere
732 3405 1239 3499 complevit.
1343 3406 1541 3475 Idem
1578 3405 1703 3474 fol.
1749 3404 1920 3473 132.
1970 3429 2030 3475 a.
2062 3407 2133 3475 b.
2165 3430 2350 3496 quae
2381 3408 2633 3476 Strabo

391 3507 515 3576 vl.
555 3532 629 3601 p.
663 3507 838 3578 394.
879 3510 971 3578 de
1005 3509 1366 3602 Hipponio
1410 3511 1654 3595 refert,
1720 3508 1994 3596 Latine,
2047 3509 2171 3579 sed
2215 3519 2474 3578 mutato
2517 3532 2658 3579 re*-

393 3623 548 3679 rum
578 3612 817 3682 ordine
843 3634 1049 3682 versa·
1070 3615 1430 3703 explanans
1447 3662 1469 3700 ,
1522 3613 1619 3684 sic
1652 3613 1911 3682 scribit:
1964 3612 2127 3683 dice
2175 3634 2451 3683 ancora
2499 3613 2656 3683 che·

393 3715 585 3807 quivi
631 3738 852 3786 venne
895 3715 1342 3809 Proserpina
1387 3717 1468 3786 di
1518 3715 1772 3787 Sicilia
1789 3739 1816 3795 ,-
1879 3714 2004 3784 ma
2048 3717 2267 3786 credo
2322 3716 2455 3787 che
2486 3737 2637 3810 per

394 3817 670 3898 Sicilia⁴
695 3820 1091 3889 intendesse
1140 3828 1383 3912 questo
1424 3841 1650 3913 paese
1700 3819 1781 3888 di
1832 3817 2205 3905 Calabria,
2257 3820 2426 3889 etin
2449 3842 2637 3912 par-

250 4013 251 4016 ¹
390 3920 695 3991 ticolare
744 3922 1020 4017 Ippone
1040 3971 1061 4008 ,
1122 3923 1306 3992 dove
1356 3924 1830 3993 anticamente
1867 3923 2453 4016 signoreggiava
2486 3922 2635 3995 Ca-

393 4023 577 4103 lais3
643 4026 817 4095 altri
865 4028 945 4096 la
992 4026 1454 4096 chiamarono
1499 4026 1807 4104 .Cerere,·
1887 4048 2027 4095 non
2069 4027 2311 4119 quella
2341 4027 2495 4097 'che
2532 4027 2638 4122 sn

391 4129 660 4197 sorella
726 4129 808 4198 di
876 4128 1191 4199 Saturno
1207 4158 1290 4216 ,·.·
1325 4127 1451 4200 ma
1528 4128 1791 4200 Cerere
1892 4127 2299 4224 Ipponiaca
2363 4133 2637 4225 moglie

394 4226 469 4299 d’
494 4230 888 4325 Ermippo,
953 4255 1151 4303 come
1195 4229 1249 4301 s'
1284 4230 1322 4302 ὲ
1369 4233 1565 4304 detto
1609 4233 1730 4302 nel
1773 4235 2224 4325 precedente>
2258 4232 2475 4321 libro,
2526 4236 2635 4303 'la

393 4334 514 4403 aa
558 4333 904 4428 figliuola
953 4335 1398 4429 Proserpina
1430 4333 1540 4429 -Ji'z
1591 4334 1937 4406 rubbatta
1985 4338 2092 4407 da
2139 4338 2442 4409 Hutone
2472 4358 2633 4408 cor-
2679 4365 2686 4370 ·

390 4455 591 4508 saro·
629 4435 797 4510 dell’
846 4439 1032 4511 isola
1090 4439 1179 4520 di
1247 4438 1539 4528 Sicilia,
1601 4437 1874 4512 mentre
1922 4442 2100 4513 colei
2146 4437 2529 4515 s’andava
2580 4438 2636 4511 ὰ
