3325 5317
1224 465 1881 531 DISSERTATIO.
2335 495 2344 506 ¹
2590 478 2679 545 81

435 654 572 724 qua
628 640 763 719 est,
841 634 1048 706 animi
1118 636 1395 709 affectio
1456 639 1636 710 ferre
1708 641 1993 713 videtur.
2125 643 2337 730 Quod
2394 611 2677 719 sentiens

434 735 791 807 Schiitzius
819 740 1046 830 primo
1090 763 1353 811 versum
1397 753 1475 812 ut
1516 745 1819 835 spurium
1867 745 2236 835 damnavit,
2287 773 2504 843 nuper
2550 775 2677 823 au·-

432 848 572 909 tem
612 850 772 932 post
802 841 1040 928 illum,
1096 844 1184 913 de
1217 868 1355 935 quo
1384 858 1536 916 ante
1582 848 2009 935 dicebamus,
2062 853 2305 941 posuit.
2409 854 2672 924 Mirum

429 965 596 1012 vero
612 992 633 1028 ‚
682 948 1314 1035 praestantissimum
1358 950 1575 1018 virum
1592 999 1613 1036 ‚
1683 951 1797 1018 ubi
1836 953 2049 1021 semel
2092 954 2350 1024 viderat
2365 1004 2387 1042 ‚
2452 957 2672 1028 alieno

429 1046 591 1115 loco
640 1071 797 1116 eum
842 1072 1107 1119 versum
1165 1052 1342 1144 legi,
1395 1075 1571 1137 non,
1622 1053 1815 1143 quod
1853 1056 2048 1123 nobis
2078 1057 2357 1145 quidem
2395 1060 2671 1152 pridem

430 1150 866 1221 certissimum
908 1155 1124 1223 visum
1186 1165 1329 1223 erat
1344 1203 1366 1240 ‚
1450 1151 1630 1228 eum
1656 1166 1814 1225 ante
1866 1158 2060 1227 illum
2116 1179 2382 1231 versum
2443 1164 2721 1242 collo-,8

308 1303 315 1308 -
429 1273 647 1321 casse.
698 1277 837 1343 quo
875 1256 1059 1328 facto
1105 1279 1243 1325 non
1271 1258 1483 1326 modo
1515 1261 1863 1351 vulgatam
1889 1262 2248 1332 lectionem
2294 1264 2490 1348 ἄξειν
2532 1267 2673 1355 sin-7
2780 1328 2785 1334 .

427 1375 654 1424 ceram
693 1381 835 1427 esse
850 1407 871 1443 ‚
925 1361 1045 1429 sed
1090 1361 1483 1431 sententiam
1523 1385 1800 1454 quoque
1839 1365 2250 1456 aptissimam
2266 1368 2672 1461 optimeque

423 1482 665 1528 nexam
707 1463 962 1532 restitui
1009 1474 1330 1556 apparet.

734 1611 965 1739 φυγοῖς
1014 1613 1084 1691 δ’
1133 1612 1400 1715 ἀλήτης
1437 1620 1644 1741 τῆςδε
1683 1618 1809 1715 γῆς
1848 1612 2191 1705 vindi-'evoe

730 1713 1099 1809 κάτεισιν,
1154 1719 1336 1802 ἄτας
1367 1714 1578 1801 τᾶςδε
1613 1716 2037 1815 θριγκώσων
2071 1724 2330 1819 φίλοις

734 1816 1124 1914 ὀμώμοται
1169 1850 1308 1919 γαρ
1344 1811 1554 1919 ὅρκος
1599 1829 1675 1897 ἑκ
1714 1825 1909 1897 θεῶν
1955 1827 2208 1919 μέγας,

728 1923 927 2007 ἄξειν
966 1953 1083 2000 νιν
1132 1924 1510 2020 ὑπτίασμα
1542 1930 1880 2020 κειμένου
1910 1923 2394 2025 πατρός...

417 2075 696 2162 Exsul,
748 2077 999 2168 inquit,
1054 2086 1268 2171 atque
1315 2079 1618 2147 extorrzs
1661 2076 1927 2148 redibit
1964 2079 2087 2148 ille
2101 2128 2122 2163 ‚
2154 2077 2462 2176 finem
2432 2105 2662 2178 ampo·

416 2182 681 2249 siturus
735 2180 847 2249 his
905 2182 1152 2251 malis:
1220 2204 1572 2275 mag-num
1629 2182 1811 2249 em‘m
1869 2180 1965 2249 ab
2007 2182 2148 2251 diis
2219 2182 2488 2254 dictum
2556 2194 2662 2257 est

423 2284 949 2369 iusiurandum,
1025 2293 1524 2355 revocaturum
1579 2308 1742 2354 eum
1805 2307 1955 2354 esse
2017 2307 2260 2355 necem
2306 2292 2663 2380 prostrati

403 2388 701 2556 Patala
732 2488 947 2558 Persis
974 2514 1035 2558 v.
1069 2485 1245 2559 580
1296 2492 1400 2560 Ita
1428 2490 1641 2613 vulgo
1687 2489 2079 2583 legebatur:
2132 2498 2397 2565 πενθεῖ
2419 2488 2479 2565 δ’
2518 2491 2659 2566 ἄν-

419 2597 574 2688 δρα
596 2587 817 2684 δόμος
852 2594 1228 2690 στρηθει’ς·
1282 2594 1536 2717 τρκῆες
1558 2591 1629 2666 δ’
1666 2592 1965 2673 ἄπαιδες
2003 2595 2352 2690 ἕῤῥανται
2398 2601 2473 2668 ἐν
2514 2590 2656 2669 δᾶ-

415 2723 665 2790 κρυσι,
722 2691 1040 2787 δαιμόνι
1085 2694 1248 2796 ἄχη,
1306 2692 1437 2784 ὀα,
1496 2691 1933 2788 ὀδυρόμενοι
1960 2698 2324 2791 γέροντες·
2379 2724 2467 2770 το
2501 2699 2649 2772 πᾶν

415 2792 508 2892 δη
547 2792 883 2872 κλύουσιν
927 2796 1157 2892 ἄλγος.
1261 2797 1543 2869 Oratio
1524 2823 1592 2867 ιιι
1623 2800 1732 2867 his
1765 2822 2007 2890 parum
2041 2800 2397 2881 concinna3
2443 2803 2692 2893 ‘verba‘

414 2903 757 2991 aliquanto
812 2900 1048 2991 plura,
1130 2925 1338 2991 quam
1394 2904 1655 2970 numeri
1707 2901 1889 2971 ferre
1928 2902 2299 2970 videantur.
2426 2905 2522 2973 Et
2576 2909 2654 2977 ἐν

412 2998 715 3098 δᾶκρυσι
781 3003 1058 3093 quidem
1119 3005 1314 3073 multi
1364 3004 1520 3073 libri
1599 3006 1943 3084 omittunt3
2027 3028 2168 3072 esse
2228 3007 2464 3091 etiam,
2532 3009 2653 3095 qui

412 3108 761 3204 ἔρῤανται
775 3160 803 3194 ,
858 3108 1018 3195 quin
1064 3109 1179 3198 qui
1228 3119 1586 3197 utrumque
1627 3110 1968 3191 omittant,
2036 3106 2424 3198 Stephanus
2468 3110 2649 3178 dicit.

408 3210 561 3279 Hos
592 3211 737 3278 iure
771 3221 1088 3299 sequutus
1128 3211 1349 3280 editor
1381 3212 1852 3304 GlasguensiS‚
1905 3212 2164 3279 sublata
2202 3222 2358 3304 post
2387 3214 2651 3310 γέρον-

409 3340 529 3394 τες
587 3313 1158 3403 interpunctione,
1229 3316 1510 3383 orationi
1563 3314 2078 3383 concinnitatem
2123 3316 2424 3384 restituit.
2552 3317 2653 3385 At

405 3416 590 3484 unde
649 3427 875 3484 tamen
928 3419 1275 3515 ἔῤῥανται
1296 3474 1321 3506 ,
1408 3417 1598 3508 quod
1642 3419 1917 3486 minime
1960 3417 2227 3486 videtur
2271 3419 2648 3507 interpretis

406 3520 822 3589 vocabulum
871 3521 1063 3589 esse?
1140 3523 1409 3611 Nempe
1461 3522 1738 3604 codice,
1807 3521 1989 3588 unde
2039 3521 2225 3589 ducti
2282 3531 2433 3589 sunt
2490 3520 2648 3589 libri

402 3623 651 3706 nostri,
720 3623 890 3691 duos
953 3624 1315 3694 laterculos
1370 3625 1749 3715 (columnas
1788 3622 2211 3715 typographi
2246 3625 2524 3712 vocant)
2575 3624 2647 3691 in

403 3727 684 3817 singulis
728 3727 996 3819 paginis
1030 3727 1350 3814 habente,
1402 3728 1729 3820 strophae
1770 3738 1839 3795 et
1872 3726 2334 3817 anti-strophae
2354 3749 2522 3818 pars
2553 3727 2647 3795 ita

399 3853 548 3899 sese
592 3830 1103 3922 contingebant.

507 3976 729 4066 dxv-ac
778 3979 969 4081 α’μφι
1014 3983 1422 4082 Κυχρείας,
1478 3976 1613 4073 ὁοῖ,
1680 3984 2063 4080 ἕρρἀνται·
2119 3976 2437 4076 δαιμόνι’

2117 4083 2295 4180 ἄκη
2367 4080 2503 4178 dd,

506 4190 712 4263 στένε
749 4187 869 4262 καὶ
909 4183 1280 4275 δακνοῖζου.
2123 4180 2518 4283 δυρόμενοι
2573 4195 2578 4200 ’

2120 4292 2472 4389 γέροντες.

387 4444 579 4514 Ηίιιο
634 4443 931 4529 factum,
981 4454 1059 4513 ut
1105 4446 1454 4544 ἕρρανται
1472 4498 1500 4533 ,
1562 4441 1813 4535 quod
1794 4468 1863 4513 ιιι
1897 4443 2180 4590 stropha
2225 4467 2384 4515 cum
2416 4431 2638 4512 verbis

497 4548 747 4617 ΗΕιιιι.
803 4548 937 4629 Οι».
972 4549 1062 4618 11.
2149 4544 2214 4615 F
