3325 5317
753 475 883 540 22⁰
1188 466 1619 531 cENszA
1673 466 2000 530 Novar:
2048 465 2546 529 EDITIONIS

749 646 936 712 recte
981 637 1258 730 linguae
1300 636 1574 709 seientia
1614 636 1947 729 appellari
1981 648 2219 729 queat.
2299 639 2509 709 altera
2562 636 2741 706 enim
2802 659 2985 729 pars,

701 750 975 833 Seaque
1013 762 1153 809 non
1193 740 1409 809 minus
1448 741 1849 842 necoesaria,
1911 742 2122 810 immo
2152 742 2491 832 ahquanto
2532 742 2738 810 etiam
2775 763 2985 832 prae-

750 845 1085 929 stabilior,
1134 845 1206 913 in
1244 865 1330 911 eo
1370 844 1592 936 posita
1614 854 1714 913 est
1728 892 1751 929 ‚
1801 853 1877 913 ut
1922 846 2070 935 quis
2101 846 2447 938 ingenium
2478 845 2751 936 linguae
2791 845 2985 934 quasi

748 947 1091 1019 imbiberit
1105 994 1128 1033 ,
1212 946 1535 1037 illamque
1597 970 1757 1019 cum
1829 971 1913 1016 ea
1975 948 2492 1017 familiaritatem
2555 949 2982 1035 contraxerit,

749 1053 930 1143 'qnae
979 1072 1137 1119 eum
1177 1050 1379 1119 etiam
1425 1051 1567 1119 sine
1612 1052 1934 1142 exemplis
1981 1053 2204 1121 statim
2246 1075 2444 1122 sensu
2481 1051 2821 1142 quodam,
2868 1072 2985 1118 re-

751 1167 946 1226 ctene
972 1176 1059 1222 an
1087 1175 1277 1223 secus
1304 1153 1559 1245 aliquid
1596 1152 1896 1241 dicatur,
1947 1155 2327 1224 admoneat.
2428 1155 2606 1224 Nam
2632 1177 2809 1243 quae
2832 1163 2985 1222 tan-

751 1258 916 1327 dem
943 1257 1123 1327 haec
1161 1256 1433 1326 scientia
1474 1257 1657 1325 foret
1670 1306 1693 1342 ‚
1757 1280 1935 1349 quae
1986 1259 2056 1327 in
2094 1258 2418 1351 exemplis
2454 1268 2716 1327 tantum
2759 1258 2985 1328 consi-

750 1371 928 1431 stens
941 1409 964 1450 ‚
1014 1360 1262 1450 siquid
1293 1369 1565 1453 praeter
1606 1360 1730 1428 illa
1758 1361 2073 1453 exempla
2115 1371 2532 1448 occurreret,
2579 1361 2657 1430 id
2700 1361 2988 1429 nesciret

750 1474 976 1534 utrum
1022 1464 1451 1556 probandum
1464 1511 1487 1549 ‚
1537 1486 1624 1532 an
1665 1463 2193 1556 improbandum
2231 1465 2444 1535 esset?
2504 1465 2727 1534 Immo
2770 1463 2827 1531 is
2856 1464 2988 1532 de·
3115 1502 3123 1510 ·

749 1591 936 1637 mum
978 1589 1138 1636 vere
1180 1565 1319 1638 dici
1358 1575 1586 1659 potest
1612 1568 1917 1690 linguam
1945 1569 2242 1658 aliquam
2280 1568 2593 1638 didicisse
2606 1617 2627 1654 ‚
2679 1566 2800 1658 qni
2846 1590 2989 1635 non

748 1672 968 1740 minus
1003 1693 1205 1761 quam
1245 1671 1317 1738 in
1366 1694 1478 1755 ea,
1542 1691 1722 1759 quae
1761 1671 1895 1762 ipsi
1925 1673 2284 1743 vernacula
2321 1672 2556 1764 lingua
2594 1681 2727 1757 est,
2779 1659 2985 1739 etiam

749 1775 891 1843 sine
911 1773 1239 1863 exemplis
1271 1774 1493 1842 statim
1509 1821 1529 1858 ,
1581 1773 1750 1863 quid
1774 1782 2069 1860 rectum,
2119 1776 2287 1865 quid
2311 1798 2596 1867 pravum
2627 1775 2745 1860 sit,
2797 1773 2985 1860 videt

751 1887 969 1967 atque.
986 1875 1327 1946 diiudicat.
1427 1876 1591 1945 Hoc
1624 1898 1789 1946 vero
1833 1887 1934 1946 est
1973 1878 2145 1946 illud
2160 1928 2181 1965 ‚
2231 1878 2478 1969 quod
2457 1901 2528 1946 ιιι
2554 1878 2648 1947 Η.
2675 1876 2981 1968 Stepha-

748 2002 841 2049 no
884 2001 1159 2073 prorsus
1202 1978 1601 2049 admirabile
1632 1979 2238 2073 deprehendimus:
2287 1982 2405 2071 qui
2447 2005 2531 2050 ea
2570 2005 2646 2050 re
2690 1981 2830 2050 dici
2869 1981 2983 2048 vix

631 2131 638 2138 -
746 2091 973 2176 potest
1011 2104 1218 2172 qnam
1262 2083 1476 2176 longe
1520 2086 1946 2153 anteverterit
1987 2085 2388 2176 plerosque,
2435 2085 2552 2175 qui
2595 2092 2756 2177 post
2798 2105 2980 2172 eum,

745 2188 964 2257 multo
1006 2187 1579 2257 commodior-ibus
1632 2188 1737 2256 usi
1786 2188 2427 2280 opportunitatibuS‚
2498 2188 2615 2257 -vix
2670 2188 2984 2256 diuturna

624 2344 632 2358 .
748 2291 1165 2383 cogitatione
1209 2290 1285 2359 id
1326 2291 1661 2383 assequnti
1703 2301 1884 2377 sunt,
1935 2290 2126 2381 quod
2168 2292 2317 2383 ipse
2356 2291 2571 2359 multo
2603 2300 2759 2360 ante
2788 2290 2983 2379 quasi

745 2394 1033 2463 naturali
1072 2394 1373 2483 quodam
1398 2394 1709 2463 instinctu
1743 2404 2173 2487 compertum
2206 2394 2525 2464 habebat.
2626 2396 2775 2464 Nec
2809 2416 2979 2484 pro-

745 2499 931 2568 fecto
949 2545 972 2584 ,
1040 2497 1161 2587 qui
1203 2496 1565 2590 diligenter
1608 2497 2126 2567 consideraverit
2168 2518 2436 2566 cursum
2477 2497 2709 2583 illum,
2775 2520 2981 2586 quem

746 2602 1021 2693 linguae
1072 2600 1379 2671 Graecae
1433 2600 1710 2670 scientia
1755 2624 1971 2691 usque
2026 2601 2118 2669 ad
2163 2600 2340 2670 haec
2386 2610 2699 2690 tempora
2742 2600 2977 2686 tenuit,

747 2727 886 2773 non
929 2704 1185 2796 poterit
1224 2703 1455 2789 fateri,
1515 2704 1638 2773 etsi
1678 2712 1904 2795 partes
1941 2703 2082 2774 eins
2119 2703 2484 2773 nonnullae
2523 2703 2809 2772 subinde
2847 2703 2980 2771 ali-

747 2806 918 2899 qnid
951 2806 1345 2900 incrementi
1373 2807 1711 2898 ceperint,
1760 2816 1986 2877 tamen
2031 2808 2406 2878 nniversam
2451 2808 2806 2898 paullatim
2847 2806 2981 2875 mi-

747 2932 901 2979 rum
929 2917 1254 2998 quantum
1291 2911 1714 2979 imminutam
1742 2933 1917 2998 esse,
1966 2934 2180 3001 usque
2208 2910 2374 2984 dnm
2406 2910 2774 2979 novissimis
2802 2920 2980 2979 tem-

747 3014 1031 3107 poribus
1077 3015 1269 3102 quasi
1316 3012 1541 3084 denuo
1584 3014 1856 3101 revixit,
1924 3025 1993 3084 et
2034 3015 2399 3085 coniunctis
2443 3013 2802 3084 doctorum
2842 3013 2978 3081 ho-

750 3117 1010 3188 minum
1039 3117 1274 3185 studiis
1304 3138 1389 3187 eo
1421 3117 1719 3187 adducta
1746 3128 1876 3204 est,
1926 3128 2003 3188 ιιι
2036 3120 2286 3205 multa,
2337 3141 2511 3208 quae
2537 3118 2793 3186 nonita
2829 3117 2976 3210 pri-

749 3218 911 3288 dem
939 3219 1140 3288 etiam
1182 3219 1550 3289 doctissimi
1584 3221 2021 3313 ignorabant,
2089 3223 2224 3290 iam
2274 3223 2504 3312 pueris
2550 3223 2806 3291 nescire
2847 3221 2977 3288 de-

748 3323 957 3402 decus
986 3322 1336 3410 habeatur.
1441 3323 1755 3409 Quorum
1791 3326 2143 3409 nonnulla,
2192 3347 2370 3415 quae
2401 3324 2707 3415 diligenti
2733 3323 2979 3394 docto·-

746 3451 901 3498 rum
928 3427 1227 3496 virorum
1258 3449 1470 3518 opera
1517 3436 1709 3496 eruta
1751 3436 1933 3515 sunt,
1986 3430 2041 3497 si
2069 3428 2272 3497 etiam
2303 3426 2689 3518 Stephanus
2717 3428 2977 3494 nescie-

746 3534 900 3619 bat,
949 3553 1088 3601 non
1121 3530 1295 3599 illud
1341 3554 1497 3600 sane
1519 3531 1766 3600 mirum
1809 3542 1935 3601 est·
2002 3541 2071 3601 at
2122 3534 2451 3624 pleraque
2484 3542 2707 3598 tamen
2754 3531 2974 3616 illum,

746 3659 922 3725 quae
962 3644 1123 3728 post
1171 3635 1360 3725 quasi
1402 3633 1629 3705 denno
1689 3646 1961 3728 reperta
2014 3646 2197 3721 sunt,
2269 3636 2380 3703 vel
2432 3644 2599 3703 nota
2637 3633 2975 3717 habuisse,

745 3740 1363 3825 animadvertimus,
1441 3739 1556 3808 vel
1596 3738 1928 3808 divinasse
1973 3750 2156 3810 certe
2215 3762 2409 3844 sensu
2457 3738 2756 3828 quodam
2771 3785 2793 3823 ‚
2859 3735 2977 3827 qni

745 3841 815 3910 in
860 3864 944 3911 eo
986 3843 1130 3911 viro
1173 3853 1316 3913 erat
1353 3842 1561 3933 plane
1607 3843 1902 3913 eximius.
2706 3871 2711 3876 ·

954 3946 1169 4013 Huius
1207 3947 1416 4039 igitur
1446 3946 1609 4015 tanti
1648 3947 1773 4015 viri
1810 3947 2199 4017 Thesaurus
2242 3945 2423 4015 hanc
2469 3945 2681 4013 habet
2717 3944 2974 4036 prima·-

744 4046 917 4115 riam
958 4047 1266 4134 laudem,
1345 4050 1599 4140 quod
1579 4072 1651 4117 m
1707 4072 1792 4119 eo
1840 4050 1931 4121 de
1983 4051 2398 4144 singulorum
2442 4051 2813 4118 'verborum
2854 4065 2975 4115 usu

747 4150 1079 4239 variisque
1127 4153 1571 4242 potestatibus
1615 4161 1686 4221 et
1726 4153 2110 4248 diligentius
2155 4162 2255 4222 est
2269 4201 2290 4238 ‚
2342 4174 2547 4242 qnam
2588 4153 2658 4218 in
2700 4150 2974 4220 caeteris

748 4253 976 4324 lexicis
1015 4255 1356 4341 omnibus,
1416 4265 1486 4334 et
1520 4259 1891 4331 accuratius
1907 4307 1930 4345 ‚
1981 4281 2201 4348 eoque
2242 4279 2398 4327 cum
2442 4261 2971 4347 temperamento

749 4358 1189 4450 explicatum,
1242 4366 1318 4428 ut
1354 4380 1575 4448 neque
1622 4363 1993 4432 necessaria
2052 4362 2544 4446 omitterentur,
2596 4381 2819 4449 neque
2849 4380 2971 4428 cu·-

746 4463 1162 4534 mularentur
1210 4483 1726 4555 supervacanea.
