3325 5317
813 463 1296 523 SERMONIS
1355 462 1843 523 HOMERICI
1892 461 2115 522 mss,
2157 457 2235 523 ΙΙ.
2559 465 2645 527 43

403 638 558 710 cula
585 633 675 716 ὥς
715 636 831 702 vel
853 632 1026 714 ὥςτε
1050 631 1455 724 praecedit?
1504 635 1726 704 Immo
1778 635 1923 703 sive
1950 632 2194 702 harum
2229 633 2453 722 aliqua
2481 657 2647 725 par-

401 743 795 822 ticularum‚
854 738 994 805 sive
1046 739 1359 814 articulus
1407 738 1759 830 praecedit
1772 787 1802 828 ,ι
1867 761 1973 806 res
2023 738 2172 828 ipsa
2222 737 2471 808 doceat
2523 762 2647 807 ne-
2703 813 2704 820 χ

401 867 589 914 cesse
615 851 748 924 est,
800 842 920 929 qui
946 842 1136 910 verbi
1179 841 1423 909 modus
1454 842 1910 936 vel'potuerit
1950 843 2061 910 vel
2097 841 2409 909 debuerit
2446 841 2649 910 adhi-

403 949 568 1021 beri.
693 943 904 1029 Quod
945 954 1020 1012 ut
1061 945 1344 1034 planum
1386 946 1746 1029 faciamu3‚
1822 945 1911 1014 de
1953 956 2245 1034 utroque
2287 945 2499 1012 modo
2557 946 2650 1013 si·-

399 1053 545 1120 mul
594 1048 962 1117 dicendum
1001 1048 1283 1117 videtur.
1403 1050 1632 1137 Atque
1686 1049 2078 1117 indicativus
2122 1048 2245 1138 (de
2294 1058 2652 1139 praesente

401 1166 628 1224 autem
677 1153 958 1242 loquor,
1011 1153 1134 1220 etsi
1181 1152 1522 1240 quaedam
1572 1152 1846 1237 horum,
1899 1174 2076 1241 quae
2126 1152 2391 1236 dicam,
2445 1152 2650 1219 etiam

398 1262 472 1328 in
519 1257 958 1349 praeteritum
1002 1256 1381 1346 quadrant)
1449 1258 1508 1324 is
1567 1257 1777 1348 igitur
1827 1267 2065 1324 natura
2121 1278 2240 1323 sua
2296 1256 2523 1347 primo
2573 1255 2650 1323 id

399 1363 686 1445 indicat,
753 1358 947 1449 quod
1011 1383 1087 1429 re
1152 1382 1316 1428 vera
1367 1369 1466 1428 est
1514 1362 1626 1428 vel
1677 1360 1790 1441 fitg
1865 1358 2114 1427 deinde
2178 1369 2399 1444 notat,
2458 1358 2650 1448 quod

399 1473 758 1559 permanet
802 1466 874 1532 in
927 1486 1011 1530 eo
1061 1470 1273 1549 statu,
1323 1463 1393 1531 in
1443 1484 1584 1552 quo
1635 1474 1774 1544 est3
1824 1463 2117 1552 denique
2168 1463 2405 1549 etiam,
2456 1462 2650 1551 quod

401 1569 578 1638 solet
629 1590 808 1652 esse,
886 1567 1239 1658 significat-
1342 1566 1860 1642 Coniunctivum
1911 1576 2170 1652 autem,
2235 1568 2357 1655 qui
2405 1567 2653 1635 modus

402 1675 497 1741 ita
547 1670 808 1761 aliquid
858 1672 1148 1763 cogitari
1195 1671 1415 1757 iubet,
1482 1681 1561 1739 ut
1625 1672 1703 1740 id
1752 1693 1892 1739 non
1941 1671 2217 1738 omnino
2269 1679 2338 1738 et
2387 1670 2652 1760 simpli-

403 1777 604 1860 citer,
658 1775 777 1843 sed
796 1823 818 1860 ‚
868 1776 924 1841 si
974 1773 1251 1863 quando
1302 1774 1420 1861 sit,
1472 1798 1616 1844 esse
1662 1775 2085 1866 intelligatur
2100 1822 2123 1860 ‚
2174 1796 2333 1843 eum
2383 1775 2441 1841 si
2490 1796 2652 1842 cum

401 1879 764 1950 indicativo
802 1900 1183 1969 compar-ee,
1231 1876 1423 1963 huic,
1473 1901 1605 1970 pro
1655 1879 1911 1969 triplici
1952 1879 2093 1947 eius
2133 1877 2704 2000 significationQG

399 1985 613 2052 tribus
663 1982 886 2052 modis
936 1983 1333 2075 oppositum
1396 1982 1678 2051 videbis.
1781 1983 2087 2051 Primum
2138 1984 2318 2050 enim
2333 2030 2355 2067 ‚
2419 1991 2497 2051 ut
2544 1982 2653 2050 in·-

401 2068 732 2155 dicativus
779 2108 928 2153 rem
949 2134 971 2171 ‚
1035 2097 1385 2176 tamquam
1445 2109 1625 2175 quae
1690 2109 1850 2155 vere
1899 2086 2058 2173 fiat,
2126 2085 2457 2178 proponit
2474 2133 2495 2170 ‚
2557 2087 2655 2154 ita

404 2214 558 2259 eam
608 2190 1064 2260 coniunctivus
1104 2213 1243 2258 non
1284 2192 1591 2270 omnino,
1662 2190 1788 2258 sed
1853 2190 1953 2261 sic
2014 2199 2300 2258 tantum
2324 2189 2509 2273 fieri,
2600 2188 2657 2256 si

403 2294 690 2383 qu'ando
729 2294 882 2376 fiat,
932 2294 1289 2386 significat.
1350 2294 1433 2366 ll.
1485 2304 1541 2380 ζ.
1578 2290 1758 2364 506.
1808 2321 1873 2366 ο.
1927 2289 2102 2418 263.
2146 2294 2316 2361 olim
2364 2292 2664 2385 legeba-

403 2409 554 2482 tur,
612 2394 702 2477 ὥς
737 2393 811 2470 δ’
861 2393 988 2469 ὅτε
1036 2424 1148 2478 τις
1194 2392 1460 2475 στατός
1487 2405 1737 2477 ἵππος,
1795 2391 2203 2492 ἀκοστήσας
2237 2394 2351 2469 ἐπὶ
2383 2391 2657 2490 φάτνῃ,

407 2495 678 2593 δεσμόν
707 2495 1144 2598 α’πορρήξας,
1198 2500 1394 2572 θείει
1425 2500 1709 2572 πεδίοιο
1752 2498 2130 2595 κροαίνων.
2236 2500 2476 2590 Nuper
2507 2497 2660 2566 edi-

406 2614 552 2673 tum
594 2609 788 2699 θείῃ.
910 2606 1244 2672 Neutrum
1301 2604 1548 2671 falsum
1565 2625 1589 2670 t
1654 2602 1779 2671 sed
1829 2604 1887 2670 si
1934 2601 2299 2672 indicativo
2356 2625 2512 2670 usus
2560 2609 2661 2670 effi

407 2716 650 2799 poeta,
716 2728 898 2792 rem,
932 2716 1026 2775 .ut
1074 2729 1252 2796 quae
1288 2731 1451 2778 vere
1478 2708 1722 2794 fieret,
1789 2708 2119 2792 narravit,
2170 2708 2379 2775 talem
2426 2706 2661 2776 dicens

405 2821 609 2902 rupto
645 2811 937 2901 capistro
980 2831 1232 2900 equum
1256 2810 1629 2890 luxuriare3
1681 2811 1781 2878 sin
1807 2812 2234 2881 coniunctivo
2249 2860 2270 2896 ‚
2321 2820 2397 2877 ut
2435 2810 2661 2879 incer-

409 2927 549 2984 tam
596 2925 1116 2999 commemorat,
1165 2915 1377 2983 talem
1426 2914 1873 3007 cogitandum
1917 2937 2059 2982 esse
2100 2938 2350 3005 equum
2367 2964 2389 3000 ‚
2441 2936 2659 3003 quan-

408 3020 503 3088 do
567 3018 865 3104 eveniat,
946 3030 1022 3087 ut
1078 3018 1317 3108 aliquis
1379 3041 1590 3109 equus
1639 3041 1713 3086 se
1769 3009 1815 3086 a
1893 3019 2164 3087 stabulo
2225 3017 2659 3110 proripuerit.

404 3122 674 3196 Deinde
690 3169 712 3206 ‚
764 3131 838 3191 ut
882 3122 1276 3191 indicativus
1317 3130 1831 3214 permanentem
1874 3132 2118 3194 statum
2150 3122 2483 3215 significat
2496 3169 2518 3206 ‚
2565 3120 2662 3189 ita

408 3227 887 3312 coniunctim,
917 3236 994 3295 ut
1022 3227 1160 3316 qui,
1192 3250 1278 3294 an
1306 3226 1565 3315 aliquid
1604 3249 1767 3294 vere
1797 3226 1903 3310 sit,
1940 3228 2267 3294 incertum
2301 3227 2660 3314 relinquat,

377 3339 857 3400 'transeuntem
887 3340 1163 3417 statum,
1216 3331 1259 3398 i.
1304 3354 1364 3399 e.
1402 3331 1659 3400 factum
1706 3330 2047 3422 singulare
2083 3330 2357 3400 indicat.
2460 3330 2764 3426 1142.=

2173 3430 2353 3459 ὀἱ

409 3433 583 3502 434.
644 3429 808 3506 «iu
872 3433 1046 3516 ὤςτε
1096 3429 1320 3557 στήλη
1373 3437 1581 3527 μένει
1628 3435 1992 3527 ἔμπεδον,
2062 3431 2156 3528 ἤτ
2238 3461 2355 3507 em
2399 3426 2659 3525 τύμβῳ

413 3534 664 3664 ἀνέρος
694 3530 953 3633 ἑστήκῃ
982 3531 1413 3635 τεθνηότος,
1465 3535 1548 3635 ἠὲ
1587 3532 1941 3631 γυναικός.
1985 3563 2049 3627 χ.
2079 3536 2201 3605 93.
2241 3563 2330 3615 ως
2364 3536 2442 3608 δὲ
2471 3529 2663 3655 δρα-

411 3667 552 3713 κων
600 3638 717 3714 ἐπὶ
767 3642 925 3735 χειῇ
970 3638 1356 3739 ὀρέστερος
1402 3639 1636 3736 ἄνδρα
1678 3643 2009 3736 μένῃσιν,
2061 3631 2451 3734 βεβρωκως
2475 3630 2663 3709 naxo?

416 3737 772 3841 φάρμακ’.
874 3744 955 3812 ln
991 3747 1222 3836 priore
1260 3745 1421 3814 loco
1456 3745 1754 3837 graviter
1795 3745 2179 3828 falleretur,
2232 3743 2351 3831 qui
2377 3742 2663 3812 coniun-

416 3848 669 3917 ctivum
712 3856 986 3937 putaret
1026 3848 1290 3917 admitti
1331 3870 1570 3940 posset
1632 3871 1792 3915 nam
1841 3846 1932 3916 de
1987 3854 2429 3937 permanente
2489 3854 2664 3913 statu

414 3973 635 4019 sermo
686 3961 816 4036 est,
879 3953 1069 4022 cuius
1119 3961 1330 4021 status
1383 3953 1791 4021 contrarium
1841 3952 1934 4019 ob
1982 3951 2057 4019 id
2097 3951 2321 4042 ipsum
2368 3972 2508 4018 non
2567 3959 2667 4017 est

409 4075 629 4145 pravo
671 4056 861 4124 verbi
887 4056 1118 4125 'modo
1165 4055 1594 4124 inferendum
1609 4105 1630 4141 ‚
1697 4056 1858 4145 quia
1897 4056 1996 4125 sic
2041 4055 2099 4122 is
2140 4063 2343 4126 status
2380 4054 2664 4122 tollere-

412 4169 558 4226 tur:
615 4180 748 4229 nec
786 4159 1064 4229 Latinus
1117 4181 1340 4229 sermo
1398 4159 1515 4229 hic
1563 4159 2064 4228 coniunctivum
2109 4157 2304 4227 ferat.
2383 4158 2665 4234 ,Contra

413 4262 486 4329 in
527 4261 745 4331 altero
775 4265 1094 4356 exemplo
1116 4312 1137 4349 a
1189 4273 1266 4331 ut
1304 4262 1373 4330 in
1411 4265 2057 4340 commemoratione
2089 4263 2256 4331 facti
2285 4262 2661 4355 singulariS‚

410 4364 608 4455 quod
656 4388 796 4435 non
845 4389 1118 4459 semper
1177 4376 1389 4436 exstet
1403 4416 1425 4454 ‚
1502 4366 1624 4434 sed
1680 4368 2048 4457 aliquando
2095 4366 2394 4449 eveniat,
2476 4373 2662 4434 recte
2729 4427 2740 4434 .

411 4471 643 4562 posuit
667 4472 1181 4545 coniunctivum.
1290 4469 1630 4541 Eamdem
1674 4475 1767 4542 ob
1798 4494 2098 4543 caussam
2138 4470 2209 4538 in
2233 4468 2464 4563 priore
2496 4468 2661 4539 loco
